%YAML 1.1
%TAG !u! tag:unity3d.com,2011:
--- !u!1 &801929263
GameObject:
  m_ObjectHideFlags: 0
  m_CorrespondingSourceObject: {fileID: 0}
  m_PrefabInstance: {fileID: 0}
  m_PrefabAsset: {fileID: 0}
  serializedVersion: 6
  m_Component:
  - component: {fileID: 801929264}
  - component: {fileID: 801929265}
  m_Layer: 0
  m_Name: WindowCollider
  m_TagString: Untagged
  m_Icon: {fileID: 0}
  m_NavMeshLayer: 0
  m_StaticEditorFlags: 0
  m_IsActive: 1
--- !u!4 &801929264
Transform:
  m_ObjectHideFlags: 0
  m_CorrespondingSourceObject: {fileID: 0}
  m_PrefabInstance: {fileID: 0}
  m_PrefabAsset: {fileID: 0}
  m_GameObject: {fileID: 801929263}
  m_LocalRotation: {x: 0, y: 0, z: 0, w: 1}
  m_LocalPosition: {x: 0.88, y: 0.93, z: -7.41}
  m_LocalScale: {x: 6.25, y: 2.7625, z: 0.26578125}
  m_ConstrainProportionsScale: 0
  m_Children: []
  m_Father: {fileID: 7051598951981796480}
  m_RootOrder: 5
  m_LocalEulerAnglesHint: {x: 0, y: 0, z: 0}
--- !u!65 &801929265
BoxCollider:
  m_ObjectHideFlags: 0
  m_CorrespondingSourceObject: {fileID: 0}
  m_PrefabInstance: {fileID: 0}
  m_PrefabAsset: {fileID: 0}
  m_GameObject: {fileID: 801929263}
  m_Material: {fileID: 0}
  m_IsTrigger: 0
  m_Enabled: 1
  serializedVersion: 2
  m_Size: {x: 1, y: 1, z: 1}
  m_Center: {x: 0, y: 0, z: 0}
--- !u!1 &3310935642863262600
GameObject:
  m_ObjectHideFlags: 0
  m_CorrespondingSourceObject: {fileID: 0}
  m_PrefabInstance: {fileID: 0}
  m_PrefabAsset: {fileID: 0}
  serializedVersion: 6
  m_Component:
  - component: {fileID: 3001660075165890910}
  - component: {fileID: 8000112625505066360}
  - component: {fileID: 1105166612481567056}
  - component: {fileID: 7290303385905917581}
  m_Layer: 0
  m_Name: Cube (2)
  m_TagString: Untagged
  m_Icon: {fileID: 0}
  m_NavMeshLayer: 0
  m_StaticEditorFlags: 0
  m_IsActive: 1
--- !u!4 &3001660075165890910
Transform:
  m_ObjectHideFlags: 0
  m_CorrespondingSourceObject: {fileID: 0}
  m_PrefabInstance: {fileID: 0}
  m_PrefabAsset: {fileID: 0}
  m_GameObject: {fileID: 3310935642863262600}
  m_LocalRotation: {x: -0, y: 0.7071066, z: -0, w: 0.70710707}
  m_LocalPosition: {x: 3.9360929, y: 0.91918015, z: -5.1736846}
  m_LocalScale: {x: 4.238923, y: 2.6999998, z: 0.17555998}
  m_ConstrainProportionsScale: 0
  m_Children: []
  m_Father: {fileID: 7051598951981796480}
  m_RootOrder: 2
  m_LocalEulerAnglesHint: {x: 0, y: 90, z: 0}
--- !u!33 &8000112625505066360
MeshFilter:
  m_ObjectHideFlags: 0
  m_CorrespondingSourceObject: {fileID: 0}
  m_PrefabInstance: {fileID: 0}
  m_PrefabAsset: {fileID: 0}
  m_GameObject: {fileID: 3310935642863262600}
  m_Mesh: {fileID: 10202, guid: 0000000000000000e000000000000000, type: 0}
--- !u!23 &1105166612481567056
MeshRenderer:
  m_ObjectHideFlags: 0
  m_CorrespondingSourceObject: {fileID: 0}
  m_PrefabInstance: {fileID: 0}
  m_PrefabAsset: {fileID: 0}
  m_GameObject: {fileID: 3310935642863262600}
  m_Enabled: 1
  m_CastShadows: 1
  m_ReceiveShadows: 1
  m_DynamicOccludee: 1
  m_StaticShadowCaster: 0
  m_MotionVectors: 1
  m_LightProbeUsage: 1
  m_ReflectionProbeUsage: 1
  m_RayTracingMode: 2
  m_RayTraceProcedural: 0
  m_RenderingLayerMask: 1
  m_RendererPriority: 0
  m_Materials:
  - {fileID: 2100000, guid: d7d802766abc429408d911e641eb9bfb, type: 2}
  m_StaticBatchInfo:
    firstSubMesh: 0
    subMeshCount: 0
  m_StaticBatchRoot: {fileID: 0}
  m_ProbeAnchor: {fileID: 0}
  m_LightProbeVolumeOverride: {fileID: 0}
  m_ScaleInLightmap: 1
  m_ReceiveGI: 1
  m_PreserveUVs: 0
  m_IgnoreNormalsForChartDetection: 0
  m_ImportantGI: 0
  m_StitchLightmapSeams: 1
  m_SelectedEditorRenderState: 3
  m_MinimumChartSize: 4
  m_AutoUVMaxDistance: 0.5
  m_AutoUVMaxAngle: 89
  m_LightmapParameters: {fileID: 0}
  m_SortingLayerID: 0
  m_SortingLayer: 0
  m_SortingOrder: 0
  m_AdditionalVertexStreams: {fileID: 0}
--- !u!65 &7290303385905917581
BoxCollider:
  m_ObjectHideFlags: 0
  m_CorrespondingSourceObject: {fileID: 0}
  m_PrefabInstance: {fileID: 0}
  m_PrefabAsset: {fileID: 0}
  m_GameObject: {fileID: 3310935642863262600}
  m_Material: {fileID: 0}
  m_IsTrigger: 0
  m_Enabled: 1
  serializedVersion: 2
  m_Size: {x: 1, y: 1, z: 1}
  m_Center: {x: 0, y: 0, z: 0}
--- !u!1 &4759168433159542413
GameObject:
  m_ObjectHideFlags: 0
  m_CorrespondingSourceObject: {fileID: 0}
  m_PrefabInstance: {fileID: 0}
  m_PrefabAsset: {fileID: 0}
  serializedVersion: 6
  m_Component:
  - component: {fileID: 7051598951981796480}
  m_Layer: 0
  m_Name: Walls
  m_TagString: Untagged
  m_Icon: {fileID: 0}
  m_NavMeshLayer: 0
  m_StaticEditorFlags: 0
  m_IsActive: 1
--- !u!4 &7051598951981796480
Transform:
  m_ObjectHideFlags: 0
  m_CorrespondingSourceObject: {fileID: 0}
  m_PrefabInstance: {fileID: 0}
  m_PrefabAsset: {fileID: 0}
  m_GameObject: {fileID: 4759168433159542413}
  m_LocalRotation: {x: -0, y: 0.7071068, z: -0, w: 0.7071068}
  m_LocalPosition: {x: 1.6036848, y: 0.44081986, z: 2.1360927}
  m_LocalScale: {x: 1, y: 1, z: 1}
  m_ConstrainProportionsScale: 0
  m_Children:
  - {fileID: 374737680612067717}
  - {fileID: 753554381947265519}
  - {fileID: 3001660075165890910}
  - {fileID: 7669182465816082583}
  - {fileID: 4465133206725472336}
  - {fileID: 801929264}
  m_Father: {fileID: 8607279227741904514}
  m_RootOrder: 2
  m_LocalEulerAnglesHint: {x: 0, y: 0, z: 0}
--- !u!1 &4968222228870080048
GameObject:
  m_ObjectHideFlags: 0
  m_CorrespondingSourceObject: {fileID: 0}
  m_PrefabInstance: {fileID: 0}
  m_PrefabAsset: {fileID: 0}
  serializedVersion: 6
  m_Component:
  - component: {fileID: 753554381947265519}
  - component: {fileID: 1664825581855253374}
  - component: {fileID: 7560579737035075421}
  - component: {fileID: 6022765807904984136}
  m_Layer: 0
  m_Name: Cube (1)
  m_TagString: Untagged
  m_Icon: {fileID: 0}
  m_NavMeshLayer: 0
  m_StaticEditorFlags: 0
  m_IsActive: 1
--- !u!4 &753554381947265519
Transform:
  m_ObjectHideFlags: 0
  m_CorrespondingSourceObject: {fileID: 0}
  m_PrefabInstance: {fileID: 0}
  m_PrefabAsset: {fileID: 0}
  m_GameObject: {fileID: 4968222228870080048}
  m_LocalRotation: {x: -0, y: 0.7071066, z: -0, w: 0.70710707}
  m_LocalPosition: {x: -2.1739073, y: 0.91918015, z: -5.1736846}
  m_LocalScale: {x: 4.238923, y: 2.6999998, z: 0.17555998}
  m_ConstrainProportionsScale: 0
  m_Children: []
  m_Father: {fileID: 7051598951981796480}
  m_RootOrder: 1
  m_LocalEulerAnglesHint: {x: 0, y: 90, z: 0}
--- !u!33 &1664825581855253374
MeshFilter:
  m_ObjectHideFlags: 0
  m_CorrespondingSourceObject: {fileID: 0}
  m_PrefabInstance: {fileID: 0}
  m_PrefabAsset: {fileID: 0}
  m_GameObject: {fileID: 4968222228870080048}
  m_Mesh: {fileID: 10202, guid: 0000000000000000e000000000000000, type: 0}
--- !u!23 &7560579737035075421
MeshRenderer:
  m_ObjectHideFlags: 0
  m_CorrespondingSourceObject: {fileID: 0}
  m_PrefabInstance: {fileID: 0}
  m_PrefabAsset: {fileID: 0}
  m_GameObject: {fileID: 4968222228870080048}
  m_Enabled: 1
  m_CastShadows: 1
  m_ReceiveShadows: 1
  m_DynamicOccludee: 1
  m_StaticShadowCaster: 0
  m_MotionVectors: 1
  m_LightProbeUsage: 1
  m_ReflectionProbeUsage: 1
  m_RayTracingMode: 2
  m_RayTraceProcedural: 0
  m_RenderingLayerMask: 1
  m_RendererPriority: 0
  m_Materials:
  - {fileID: 2100000, guid: d7d802766abc429408d911e641eb9bfb, type: 2}
  m_StaticBatchInfo:
    firstSubMesh: 0
    subMeshCount: 0
  m_StaticBatchRoot: {fileID: 0}
  m_ProbeAnchor: {fileID: 0}
  m_LightProbeVolumeOverride: {fileID: 0}
  m_ScaleInLightmap: 1
  m_ReceiveGI: 1
  m_PreserveUVs: 0
  m_IgnoreNormalsForChartDetection: 0
  m_ImportantGI: 0
  m_StitchLightmapSeams: 1
  m_SelectedEditorRenderState: 3
  m_MinimumChartSize: 4
  m_AutoUVMaxDistance: 0.5
  m_AutoUVMaxAngle: 89
  m_LightmapParameters: {fileID: 0}
  m_SortingLayerID: 0
  m_SortingLayer: 0
  m_SortingOrder: 0
  m_AdditionalVertexStreams: {fileID: 0}
--- !u!65 &6022765807904984136
BoxCollider:
  m_ObjectHideFlags: 0
  m_CorrespondingSourceObject: {fileID: 0}
  m_PrefabInstance: {fileID: 0}
  m_PrefabAsset: {fileID: 0}
  m_GameObject: {fileID: 4968222228870080048}
  m_Material: {fileID: 0}
  m_IsTrigger: 0
  m_Enabled: 1
  serializedVersion: 2
  m_Size: {x: 1, y: 1, z: 1}
  m_Center: {x: 0, y: 0, z: 0}
--- !u!1 &6503710419127085456
GameObject:
  m_ObjectHideFlags: 0
  m_CorrespondingSourceObject: {fileID: 0}
  m_PrefabInstance: {fileID: 0}
  m_PrefabAsset: {fileID: 0}
  serializedVersion: 6
  m_Component:
  - component: {fileID: 374737680612067717}
  - component: {fileID: 3770180560900992781}
  - component: {fileID: 3464828584057579163}
  - component: {fileID: 5067163116209610625}
  m_Layer: 0
  m_Name: Cube
  m_TagString: Untagged
  m_Icon: {fileID: 0}
  m_NavMeshLayer: 0
  m_StaticEditorFlags: 0
  m_IsActive: 1
--- !u!4 &374737680612067717
Transform:
  m_ObjectHideFlags: 0
  m_CorrespondingSourceObject: {fileID: 0}
  m_PrefabInstance: {fileID: 0}
  m_PrefabAsset: {fileID: 0}
  m_GameObject: {fileID: 6503710419127085456}
  m_LocalRotation: {x: -0, y: -0, z: -0, w: 1}
  m_LocalPosition: {x: 2.6840928, y: 0.91918015, z: -3.1436844}
  m_LocalScale: {x: 2.6373787, y: 2.6999998, z: 0.17556}
  m_ConstrainProportionsScale: 0
  m_Children: []
  m_Father: {fileID: 7051598951981796480}
  m_RootOrder: 0
  m_LocalEulerAnglesHint: {x: 0, y: 0, z: 0}
--- !u!33 &3770180560900992781
MeshFilter:
  m_ObjectHideFlags: 0
  m_CorrespondingSourceObject: {fileID: 0}
  m_PrefabInstance: {fileID: 0}
  m_PrefabAsset: {fileID: 0}
  m_GameObject: {fileID: 6503710419127085456}
  m_Mesh: {fileID: 10202, guid: 0000000000000000e000000000000000, type: 0}
--- !u!23 &3464828584057579163
MeshRenderer:
  m_ObjectHideFlags: 0
  m_CorrespondingSourceObject: {fileID: 0}
  m_PrefabInstance: {fileID: 0}
  m_PrefabAsset: {fileID: 0}
  m_GameObject: {fileID: 6503710419127085456}
  m_Enabled: 1
  m_CastShadows: 1
  m_ReceiveShadows: 1
  m_DynamicOccludee: 1
  m_StaticShadowCaster: 0
  m_MotionVectors: 1
  m_LightProbeUsage: 1
  m_ReflectionProbeUsage: 1
  m_RayTracingMode: 2
  m_RayTraceProcedural: 0
  m_RenderingLayerMask: 1
  m_RendererPriority: 0
  m_Materials:
  - {fileID: 2100000, guid: d7d802766abc429408d911e641eb9bfb, type: 2}
  m_StaticBatchInfo:
    firstSubMesh: 0
    subMeshCount: 0
  m_StaticBatchRoot: {fileID: 0}
  m_ProbeAnchor: {fileID: 0}
  m_LightProbeVolumeOverride: {fileID: 0}
  m_ScaleInLightmap: 1
  m_ReceiveGI: 1
  m_PreserveUVs: 0
  m_IgnoreNormalsForChartDetection: 0
  m_ImportantGI: 0
  m_StitchLightmapSeams: 1
  m_SelectedEditorRenderState: 3
  m_MinimumChartSize: 4
  m_AutoUVMaxDistance: 0.5
  m_AutoUVMaxAngle: 89
  m_LightmapParameters: {fileID: 0}
  m_SortingLayerID: 0
  m_SortingLayer: 0
  m_SortingOrder: 0
  m_AdditionalVertexStreams: {fileID: 0}
--- !u!65 &5067163116209610625
BoxCollider:
  m_ObjectHideFlags: 0
  m_CorrespondingSourceObject: {fileID: 0}
  m_PrefabInstance: {fileID: 0}
  m_PrefabAsset: {fileID: 0}
  m_GameObject: {fileID: 6503710419127085456}
  m_Material: {fileID: 0}
  m_IsTrigger: 0
  m_Enabled: 1
  serializedVersion: 2
  m_Size: {x: 1, y: 1, z: 1}
  m_Center: {x: 0, y: 0, z: 0}
--- !u!1 &7109244375102371833
GameObject:
  m_ObjectHideFlags: 0
  m_CorrespondingSourceObject: {fileID: 0}
  m_PrefabInstance: {fileID: 0}
  m_PrefabAsset: {fileID: 0}
  serializedVersion: 6
  m_Component:
  - component: {fileID: 4465133206725472336}
  - component: {fileID: 3445198010520793897}
  - component: {fileID: 5349885816727673705}
  - component: {fileID: 9187561615189770878}
  m_Layer: 0
  m_Name: Cube (4)
  m_TagString: Untagged
  m_Icon: {fileID: 0}
  m_NavMeshLayer: 0
  m_StaticEditorFlags: 0
  m_IsActive: 1
--- !u!4 &4465133206725472336
Transform:
  m_ObjectHideFlags: 0
  m_CorrespondingSourceObject: {fileID: 0}
  m_PrefabInstance: {fileID: 0}
  m_PrefabAsset: {fileID: 0}
  m_GameObject: {fileID: 7109244375102371833}
  m_LocalRotation: {x: -0, y: -0, z: -0, w: 1}
  m_LocalPosition: {x: 0.8880928, y: 1.9691802, z: -3.1436844}
  m_LocalScale: {x: 2.6373787, y: 0.5975825, z: 0.17556}
  m_ConstrainProportionsScale: 0
  m_Children: []
  m_Father: {fileID: 7051598951981796480}
  m_RootOrder: 4
  m_LocalEulerAnglesHint: {x: 0, y: 0, z: 0}
--- !u!33 &3445198010520793897
MeshFilter:
  m_ObjectHideFlags: 0
  m_CorrespondingSourceObject: {fileID: 0}
  m_PrefabInstance: {fileID: 0}
  m_PrefabAsset: {fileID: 0}
  m_GameObject: {fileID: 7109244375102371833}
  m_Mesh: {fileID: 10202, guid: 0000000000000000e000000000000000, type: 0}
--- !u!23 &5349885816727673705
MeshRenderer:
  m_ObjectHideFlags: 0
  m_CorrespondingSourceObject: {fileID: 0}
  m_PrefabInstance: {fileID: 0}
  m_PrefabAsset: {fileID: 0}
  m_GameObject: {fileID: 7109244375102371833}
  m_Enabled: 1
  m_CastShadows: 1
  m_ReceiveShadows: 1
  m_DynamicOccludee: 1
  m_StaticShadowCaster: 0
  m_MotionVectors: 1
  m_LightProbeUsage: 1
  m_ReflectionProbeUsage: 1
  m_RayTracingMode: 2
  m_RayTraceProcedural: 0
  m_RenderingLayerMask: 1
  m_RendererPriority: 0
  m_Materials:
  - {fileID: 2100000, guid: d7d802766abc429408d911e641eb9bfb, type: 2}
  m_StaticBatchInfo:
    firstSubMesh: 0
    subMeshCount: 0
  m_StaticBatchRoot: {fileID: 0}
  m_ProbeAnchor: {fileID: 0}
  m_LightProbeVolumeOverride: {fileID: 0}
  m_ScaleInLightmap: 1
  m_ReceiveGI: 1
  m_PreserveUVs: 0
  m_IgnoreNormalsForChartDetection: 0
  m_ImportantGI: 0
  m_StitchLightmapSeams: 1
  m_SelectedEditorRenderState: 3
  m_MinimumChartSize: 4
  m_AutoUVMaxDistance: 0.5
  m_AutoUVMaxAngle: 89
  m_LightmapParameters: {fileID: 0}
  m_SortingLayerID: 0
  m_SortingLayer: 0
  m_SortingOrder: 0
  m_AdditionalVertexStreams: {fileID: 0}
--- !u!65 &9187561615189770878
BoxCollider:
  m_ObjectHideFlags: 0
  m_CorrespondingSourceObject: {fileID: 0}
  m_PrefabInstance: {fileID: 0}
  m_PrefabAsset: {fileID: 0}
  m_GameObject: {fileID: 7109244375102371833}
  m_Material: {fileID: 0}
  m_IsTrigger: 0
  m_Enabled: 1
  serializedVersion: 2
  m_Size: {x: 1, y: 1, z: 1}
  m_Center: {x: 0, y: 0, z: 0}
--- !u!1 &8607279226982193212
GameObject:
  m_ObjectHideFlags: 0
  m_CorrespondingSourceObject: {fileID: 0}
  m_PrefabInstance: {fileID: 0}
  m_PrefabAsset: {fileID: 0}
  serializedVersion: 6
  m_Component:
  - component: {fileID: 8607279226982193214}
  - component: {fileID: 8607279226982193213}
  m_Layer: 0
  m_Name: RedClock
  m_TagString: Untagged
  m_Icon: {fileID: 0}
  m_NavMeshLayer: 0
  m_StaticEditorFlags: 0
  m_IsActive: 1
--- !u!4 &8607279226982193214
Transform:
  m_ObjectHideFlags: 0
  m_CorrespondingSourceObject: {fileID: 0}
  m_PrefabInstance: {fileID: 0}
  m_PrefabAsset: {fileID: 0}
  m_GameObject: {fileID: 8607279226982193212}
  m_LocalRotation: {x: -0, y: 0.0058878204, z: -0, w: 0.9999827}
  m_LocalPosition: {x: -2.2605214, y: 0.19689858, z: -0.30422735}
  m_LocalScale: {x: 1, y: 1.8, z: 1.8501}
  m_ConstrainProportionsScale: 0
  m_Children: []
  m_Father: {fileID: 8607279227832606064}
  m_RootOrder: 14
  m_LocalEulerAnglesHint: {x: 0, y: 0.675, z: 0}
--- !u!114 &8607279226982193213
MonoBehaviour:
  m_ObjectHideFlags: 0
  m_CorrespondingSourceObject: {fileID: 0}
  m_PrefabInstance: {fileID: 0}
  m_PrefabAsset: {fileID: 0}
  m_GameObject: {fileID: 8607279226982193212}
  m_Enabled: 1
  m_EditorHideFlags: 0
  m_Script: {fileID: 11500000, guid: 4252413e637ba5d44aaf701b72993a51, type: 3}
  m_Name: 
  m_EditorClassIdentifier: 
  clockData: {fileID: 11400000, guid: d2c3ba7a6909f5c4e89724a47a432a94, type: 2}
--- !u!1 &8607279227741904513
GameObject:
  m_ObjectHideFlags: 0
  m_CorrespondingSourceObject: {fileID: 0}
  m_PrefabInstance: {fileID: 0}
  m_PrefabAsset: {fileID: 0}
  serializedVersion: 6
  m_Component:
  - component: {fileID: 8607279227741904514}
  m_Layer: 0
  m_Name: Room
  m_TagString: Untagged
  m_Icon: {fileID: 0}
  m_NavMeshLayer: 0
  m_StaticEditorFlags: 0
  m_IsActive: 1
--- !u!4 &8607279227741904514
Transform:
  m_ObjectHideFlags: 0
  m_CorrespondingSourceObject: {fileID: 0}
  m_PrefabInstance: {fileID: 0}
  m_PrefabAsset: {fileID: 0}
  m_GameObject: {fileID: 8607279227741904513}
  m_LocalRotation: {x: 0, y: 0, z: 0, w: 1}
  m_LocalPosition: {x: 0, y: 0, z: 0}
  m_LocalScale: {x: 1, y: 1, z: 1}
  m_ConstrainProportionsScale: 0
  m_Children:
  - {fileID: 8842101498355570530}
  - {fileID: 8607279227832606064}
  - {fileID: 7051598951981796480}
  m_Father: {fileID: 0}
  m_RootOrder: 0
  m_LocalEulerAnglesHint: {x: 0, y: 0, z: 0}
--- !u!1 &8607279227832606071
GameObject:
  m_ObjectHideFlags: 0
  m_CorrespondingSourceObject: {fileID: 0}
  m_PrefabInstance: {fileID: 0}
  m_PrefabAsset: {fileID: 0}
  serializedVersion: 6
  m_Component:
  - component: {fileID: 8607279227832606064}
  m_Layer: 0
  m_Name: Furniture
  m_TagString: Untagged
  m_Icon: {fileID: 0}
  m_NavMeshLayer: 0
  m_StaticEditorFlags: 0
  m_IsActive: 1
--- !u!4 &8607279227832606064
Transform:
  m_ObjectHideFlags: 0
  m_CorrespondingSourceObject: {fileID: 0}
  m_PrefabInstance: {fileID: 0}
  m_PrefabAsset: {fileID: 0}
  m_GameObject: {fileID: 8607279227832606071}
  m_LocalRotation: {x: -0, y: 0.7071068, z: -0, w: 0.7071068}
  m_LocalPosition: {x: -4.2207737, y: 1.8941015, z: 1.94948}
  m_LocalScale: {x: 1, y: 1, z: 1}
  m_ConstrainProportionsScale: 0
  m_Children:
  - {fileID: 1122080268580592587}
  - {fileID: 1649875130475107850}
  - {fileID: 1381710237746983349}
  - {fileID: 931522786663961642}
  - {fileID: 7637782243259363049}
  - {fileID: 5408512233981244933}
  - {fileID: 5408512234766655341}
  - {fileID: 4725484698511304050}
  - {fileID: 7465853389457533749}
  - {fileID: 3550398373839074562}
  - {fileID: 2070077851113998565}
  - {fileID: 528664177242767217}
  - {fileID: 7568289787298481408}
  - {fileID: 8802489766106410469}
  - {fileID: 8607279226982193214}
  - {fileID: 2070077850850364906}
  - {fileID: 2070077850173720429}
  - {fileID: 2070077850402343927}
  m_Father: {fileID: 8607279227741904514}
  m_RootOrder: 1
  m_LocalEulerAnglesHint: {x: 0, y: 0, z: 0}
--- !u!1 &8713662809103638284
GameObject:
  m_ObjectHideFlags: 0
  m_CorrespondingSourceObject: {fileID: 0}
  m_PrefabInstance: {fileID: 0}
  m_PrefabAsset: {fileID: 0}
  serializedVersion: 6
  m_Component:
  - component: {fileID: 7669182465816082583}
  - component: {fileID: 4706992556336783379}
  - component: {fileID: 679333504573480963}
  - component: {fileID: 8493498634748760722}
  m_Layer: 0
  m_Name: Cube (3)
  m_TagString: Untagged
  m_Icon: {fileID: 0}
  m_NavMeshLayer: 0
  m_StaticEditorFlags: 0
  m_IsActive: 1
--- !u!4 &7669182465816082583
Transform:
  m_ObjectHideFlags: 0
  m_CorrespondingSourceObject: {fileID: 0}
  m_PrefabInstance: {fileID: 0}
  m_PrefabAsset: {fileID: 0}
  m_GameObject: {fileID: 8713662809103638284}
  m_LocalRotation: {x: -0, y: -0, z: -0, w: 1}
  m_LocalPosition: {x: -0.84890723, y: 0.91918015, z: -3.1436844}
  m_LocalScale: {x: 2.6373787, y: 2.6999998, z: 0.17556}
  m_ConstrainProportionsScale: 0
  m_Children: []
  m_Father: {fileID: 7051598951981796480}
  m_RootOrder: 3
  m_LocalEulerAnglesHint: {x: 0, y: 0, z: 0}
--- !u!33 &4706992556336783379
MeshFilter:
  m_ObjectHideFlags: 0
  m_CorrespondingSourceObject: {fileID: 0}
  m_PrefabInstance: {fileID: 0}
  m_PrefabAsset: {fileID: 0}
  m_GameObject: {fileID: 8713662809103638284}
  m_Mesh: {fileID: 10202, guid: 0000000000000000e000000000000000, type: 0}
--- !u!23 &679333504573480963
MeshRenderer:
  m_ObjectHideFlags: 0
  m_CorrespondingSourceObject: {fileID: 0}
  m_PrefabInstance: {fileID: 0}
  m_PrefabAsset: {fileID: 0}
  m_GameObject: {fileID: 8713662809103638284}
  m_Enabled: 1
  m_CastShadows: 1
  m_ReceiveShadows: 1
  m_DynamicOccludee: 1
  m_StaticShadowCaster: 0
  m_MotionVectors: 1
  m_LightProbeUsage: 1
  m_ReflectionProbeUsage: 1
  m_RayTracingMode: 2
  m_RayTraceProcedural: 0
  m_RenderingLayerMask: 1
  m_RendererPriority: 0
  m_Materials:
  - {fileID: 2100000, guid: d7d802766abc429408d911e641eb9bfb, type: 2}
  m_StaticBatchInfo:
    firstSubMesh: 0
    subMeshCount: 0
  m_StaticBatchRoot: {fileID: 0}
  m_ProbeAnchor: {fileID: 0}
  m_LightProbeVolumeOverride: {fileID: 0}
  m_ScaleInLightmap: 1
  m_ReceiveGI: 1
  m_PreserveUVs: 0
  m_IgnoreNormalsForChartDetection: 0
  m_ImportantGI: 0
  m_StitchLightmapSeams: 1
  m_SelectedEditorRenderState: 3
  m_MinimumChartSize: 4
  m_AutoUVMaxDistance: 0.5
  m_AutoUVMaxAngle: 89
  m_LightmapParameters: {fileID: 0}
  m_SortingLayerID: 0
  m_SortingLayer: 0
  m_SortingOrder: 0
  m_AdditionalVertexStreams: {fileID: 0}
--- !u!65 &8493498634748760722
BoxCollider:
  m_ObjectHideFlags: 0
  m_CorrespondingSourceObject: {fileID: 0}
  m_PrefabInstance: {fileID: 0}
  m_PrefabAsset: {fileID: 0}
  m_GameObject: {fileID: 8713662809103638284}
  m_Material: {fileID: 0}
  m_IsTrigger: 0
  m_Enabled: 1
  serializedVersion: 2
  m_Size: {x: 1, y: 1, z: 1}
  m_Center: {x: 0, y: 0, z: 0}
--- !u!1001 &814357628515757647
PrefabInstance:
  m_ObjectHideFlags: 0
  serializedVersion: 2
  m_Modification:
    m_TransformParent: {fileID: 8607279227832606064}
    m_Modifications:
    - target: {fileID: 630077597, guid: 9d341a124e932ce40923ca9e9a6aefb2, type: 3}
      propertyPath: m_InteractionLayers.m_Bits
      value: 8
      objectReference: {fileID: 0}
    - target: {fileID: 911427009, guid: 9d341a124e932ce40923ca9e9a6aefb2, type: 3}
      propertyPath: m_InteractionLayers.m_Bits
      value: 8
      objectReference: {fileID: 0}
    - target: {fileID: 1310109756, guid: 9d341a124e932ce40923ca9e9a6aefb2, type: 3}
      propertyPath: m_InteractionLayers.m_Bits
      value: 8
      objectReference: {fileID: 0}
    - target: {fileID: 1649291556945371903, guid: 9d341a124e932ce40923ca9e9a6aefb2, type: 3}
      propertyPath: m_Name
      value: Hook_Modern
      objectReference: {fileID: 0}
    - target: {fileID: 2137139727625091141, guid: 9d341a124e932ce40923ca9e9a6aefb2, type: 3}
      propertyPath: m_RootOrder
      value: 1
      objectReference: {fileID: 0}
    - target: {fileID: 2137139727625091141, guid: 9d341a124e932ce40923ca9e9a6aefb2, type: 3}
      propertyPath: m_LocalPosition.x
      value: -1.0415212
      objectReference: {fileID: 0}
    - target: {fileID: 2137139727625091141, guid: 9d341a124e932ce40923ca9e9a6aefb2, type: 3}
      propertyPath: m_LocalPosition.y
      value: -0.01610148
      objectReference: {fileID: 0}
    - target: {fileID: 2137139727625091141, guid: 9d341a124e932ce40923ca9e9a6aefb2, type: 3}
      propertyPath: m_LocalPosition.z
      value: 2.4917727
      objectReference: {fileID: 0}
    - target: {fileID: 2137139727625091141, guid: 9d341a124e932ce40923ca9e9a6aefb2, type: 3}
      propertyPath: m_LocalRotation.w
      value: 0
      objectReference: {fileID: 0}
    - target: {fileID: 2137139727625091141, guid: 9d341a124e932ce40923ca9e9a6aefb2, type: 3}
      propertyPath: m_LocalRotation.x
      value: -0.000008800916
      objectReference: {fileID: 0}
    - target: {fileID: 2137139727625091141, guid: 9d341a124e932ce40923ca9e9a6aefb2, type: 3}
      propertyPath: m_LocalRotation.y
      value: 1
      objectReference: {fileID: 0}
    - target: {fileID: 2137139727625091141, guid: 9d341a124e932ce40923ca9e9a6aefb2, type: 3}
      propertyPath: m_LocalRotation.z
      value: -0
      objectReference: {fileID: 0}
    - target: {fileID: 2137139727625091141, guid: 9d341a124e932ce40923ca9e9a6aefb2, type: 3}
      propertyPath: m_LocalEulerAnglesHint.x
      value: 0
      objectReference: {fileID: 0}
    - target: {fileID: 2137139727625091141, guid: 9d341a124e932ce40923ca9e9a6aefb2, type: 3}
      propertyPath: m_LocalEulerAnglesHint.y
      value: 180
      objectReference: {fileID: 0}
    - target: {fileID: 2137139727625091141, guid: 9d341a124e932ce40923ca9e9a6aefb2, type: 3}
      propertyPath: m_LocalEulerAnglesHint.z
      value: -0.001
      objectReference: {fileID: 0}
    m_RemovedComponents: []
  m_SourcePrefab: {fileID: 100100000, guid: 9d341a124e932ce40923ca9e9a6aefb2, type: 3}
--- !u!4 &1649875130475107850 stripped
Transform:
  m_CorrespondingSourceObject: {fileID: 2137139727625091141, guid: 9d341a124e932ce40923ca9e9a6aefb2, type: 3}
  m_PrefabInstance: {fileID: 814357628515757647}
  m_PrefabAsset: {fileID: 0}
--- !u!1001 &8607279226948570969
PrefabInstance:
  m_ObjectHideFlags: 0
  serializedVersion: 2
  m_Modification:
    m_TransformParent: {fileID: 8607279227832606064}
    m_Modifications:
    - target: {fileID: 3978375355822033550, guid: f7a65282a054cc846acdcfc67d1fcb9b, type: 3}
      propertyPath: m_Name
      value: Cabinet_Modern_Gray
      objectReference: {fileID: 0}
    - target: {fileID: 4358877381373497396, guid: f7a65282a054cc846acdcfc67d1fcb9b, type: 3}
      propertyPath: m_RootOrder
      value: 6
      objectReference: {fileID: 0}
    - target: {fileID: 4358877381373497396, guid: f7a65282a054cc846acdcfc67d1fcb9b, type: 3}
      propertyPath: m_LocalPosition.x
      value: -1.4035212
      objectReference: {fileID: 0}
    - target: {fileID: 4358877381373497396, guid: f7a65282a054cc846acdcfc67d1fcb9b, type: 3}
      propertyPath: m_LocalPosition.y
      value: -1.8941015
      objectReference: {fileID: 0}
    - target: {fileID: 4358877381373497396, guid: f7a65282a054cc846acdcfc67d1fcb9b, type: 3}
      propertyPath: m_LocalPosition.z
      value: 2.3667727
      objectReference: {fileID: 0}
    - target: {fileID: 4358877381373497396, guid: f7a65282a054cc846acdcfc67d1fcb9b, type: 3}
      propertyPath: m_LocalRotation.w
      value: 0
      objectReference: {fileID: 0}
    - target: {fileID: 4358877381373497396, guid: f7a65282a054cc846acdcfc67d1fcb9b, type: 3}
      propertyPath: m_LocalRotation.x
      value: -0
      objectReference: {fileID: 0}
    - target: {fileID: 4358877381373497396, guid: f7a65282a054cc846acdcfc67d1fcb9b, type: 3}
      propertyPath: m_LocalRotation.y
      value: 1
      objectReference: {fileID: 0}
    - target: {fileID: 4358877381373497396, guid: f7a65282a054cc846acdcfc67d1fcb9b, type: 3}
      propertyPath: m_LocalRotation.z
      value: -0
      objectReference: {fileID: 0}
    - target: {fileID: 4358877381373497396, guid: f7a65282a054cc846acdcfc67d1fcb9b, type: 3}
      propertyPath: m_LocalEulerAnglesHint.x
      value: 0
      objectReference: {fileID: 0}
    - target: {fileID: 4358877381373497396, guid: f7a65282a054cc846acdcfc67d1fcb9b, type: 3}
      propertyPath: m_LocalEulerAnglesHint.y
      value: 180
      objectReference: {fileID: 0}
    - target: {fileID: 4358877381373497396, guid: f7a65282a054cc846acdcfc67d1fcb9b, type: 3}
      propertyPath: m_LocalEulerAnglesHint.z
      value: 0
      objectReference: {fileID: 0}
    m_RemovedComponents: []
  m_SourcePrefab: {fileID: 100100000, guid: f7a65282a054cc846acdcfc67d1fcb9b, type: 3}
--- !u!4 &5408512234766655341 stripped
Transform:
  m_CorrespondingSourceObject: {fileID: 4358877381373497396, guid: f7a65282a054cc846acdcfc67d1fcb9b, type: 3}
  m_PrefabInstance: {fileID: 8607279226948570969}
  m_PrefabAsset: {fileID: 0}
--- !u!1001 &8607279227388306871
PrefabInstance:
  m_ObjectHideFlags: 0
  serializedVersion: 2
  m_Modification:
    m_TransformParent: {fileID: 8607279227832606064}
    m_Modifications:
    - target: {fileID: 1569003152108605924, guid: a35b0267215e7e946a2a8f481f48fbbc, type: 3}
      propertyPath: m_Name
      value: Table_Coffee_Modern
      objectReference: {fileID: 0}
    - target: {fileID: 2201671572489931614, guid: a35b0267215e7e946a2a8f481f48fbbc, type: 3}
      propertyPath: m_RootOrder
      value: 4
      objectReference: {fileID: 0}
    - target: {fileID: 2201671572489931614, guid: a35b0267215e7e946a2a8f481f48fbbc, type: 3}
      propertyPath: m_LocalScale.x
      value: 1.7250001
      objectReference: {fileID: 0}
    - target: {fileID: 2201671572489931614, guid: a35b0267215e7e946a2a8f481f48fbbc, type: 3}
      propertyPath: m_LocalPosition.x
      value: 3.3314786
      objectReference: {fileID: 0}
    - target: {fileID: 2201671572489931614, guid: a35b0267215e7e946a2a8f481f48fbbc, type: 3}
      propertyPath: m_LocalPosition.y
      value: -1.8841014
      objectReference: {fileID: 0}
    - target: {fileID: 2201671572489931614, guid: a35b0267215e7e946a2a8f481f48fbbc, type: 3}
      propertyPath: m_LocalPosition.z
      value: 0.2637725
      objectReference: {fileID: 0}
    - target: {fileID: 2201671572489931614, guid: a35b0267215e7e946a2a8f481f48fbbc, type: 3}
      propertyPath: m_LocalRotation.w
      value: 0.7071068
      objectReference: {fileID: 0}
    - target: {fileID: 2201671572489931614, guid: a35b0267215e7e946a2a8f481f48fbbc, type: 3}
      propertyPath: m_LocalRotation.x
      value: -0
      objectReference: {fileID: 0}
    - target: {fileID: 2201671572489931614, guid: a35b0267215e7e946a2a8f481f48fbbc, type: 3}
      propertyPath: m_LocalRotation.y
      value: 0.7071068
      objectReference: {fileID: 0}
    - target: {fileID: 2201671572489931614, guid: a35b0267215e7e946a2a8f481f48fbbc, type: 3}
      propertyPath: m_LocalRotation.z
      value: -0
      objectReference: {fileID: 0}
    - target: {fileID: 2201671572489931614, guid: a35b0267215e7e946a2a8f481f48fbbc, type: 3}
      propertyPath: m_LocalEulerAnglesHint.x
      value: 0
      objectReference: {fileID: 0}
    - target: {fileID: 2201671572489931614, guid: a35b0267215e7e946a2a8f481f48fbbc, type: 3}
      propertyPath: m_LocalEulerAnglesHint.y
      value: 90
      objectReference: {fileID: 0}
    - target: {fileID: 2201671572489931614, guid: a35b0267215e7e946a2a8f481f48fbbc, type: 3}
      propertyPath: m_LocalEulerAnglesHint.z
      value: 0
      objectReference: {fileID: 0}
    m_RemovedComponents: []
  m_SourcePrefab: {fileID: 100100000, guid: a35b0267215e7e946a2a8f481f48fbbc, type: 3}
--- !u!4 &7637782243259363049 stripped
Transform:
  m_CorrespondingSourceObject: {fileID: 2201671572489931614, guid: a35b0267215e7e946a2a8f481f48fbbc, type: 3}
  m_PrefabInstance: {fileID: 8607279227388306871}
  m_PrefabAsset: {fileID: 0}
--- !u!1001 &8607279227443619357
PrefabInstance:
  m_ObjectHideFlags: 0
  serializedVersion: 2
  m_Modification:
    m_TransformParent: {fileID: 8607279227832606064}
    m_Modifications:
    - target: {fileID: 8130560282236414093, guid: 8d8fb26dd6a666247b80ad25ad1e316b, type: 3}
      propertyPath: m_Name
      value: TV_FlatWithStand
      objectReference: {fileID: 0}
    - target: {fileID: 8907660275367916087, guid: 8d8fb26dd6a666247b80ad25ad1e316b, type: 3}
      propertyPath: m_RootOrder
      value: 3
      objectReference: {fileID: 0}
    - target: {fileID: 8907660275367916087, guid: 8d8fb26dd6a666247b80ad25ad1e316b, type: 3}
      propertyPath: m_LocalPosition.x
      value: 3.3824787
      objectReference: {fileID: 0}
    - target: {fileID: 8907660275367916087, guid: 8d8fb26dd6a666247b80ad25ad1e316b, type: 3}
      propertyPath: m_LocalPosition.y
      value: -1.4271015
      objectReference: {fileID: 0}
    - target: {fileID: 8907660275367916087, guid: 8d8fb26dd6a666247b80ad25ad1e316b, type: 3}
      propertyPath: m_LocalPosition.z
      value: 0.2557726
      objectReference: {fileID: 0}
    - target: {fileID: 8907660275367916087, guid: 8d8fb26dd6a666247b80ad25ad1e316b, type: 3}
      propertyPath: m_LocalRotation.w
      value: -0.7071068
      objectReference: {fileID: 0}
    - target: {fileID: 8907660275367916087, guid: 8d8fb26dd6a666247b80ad25ad1e316b, type: 3}
      propertyPath: m_LocalRotation.x
      value: 0
      objectReference: {fileID: 0}
    - target: {fileID: 8907660275367916087, guid: 8d8fb26dd6a666247b80ad25ad1e316b, type: 3}
      propertyPath: m_LocalRotation.y
      value: 0.7071068
      objectReference: {fileID: 0}
    - target: {fileID: 8907660275367916087, guid: 8d8fb26dd6a666247b80ad25ad1e316b, type: 3}
      propertyPath: m_LocalRotation.z
      value: -0
      objectReference: {fileID: 0}
    - target: {fileID: 8907660275367916087, guid: 8d8fb26dd6a666247b80ad25ad1e316b, type: 3}
      propertyPath: m_LocalEulerAnglesHint.x
      value: 0
      objectReference: {fileID: 0}
    - target: {fileID: 8907660275367916087, guid: 8d8fb26dd6a666247b80ad25ad1e316b, type: 3}
      propertyPath: m_LocalEulerAnglesHint.y
      value: 270
      objectReference: {fileID: 0}
    - target: {fileID: 8907660275367916087, guid: 8d8fb26dd6a666247b80ad25ad1e316b, type: 3}
      propertyPath: m_LocalEulerAnglesHint.z
      value: 0
      objectReference: {fileID: 0}
    m_RemovedComponents: []
  m_SourcePrefab: {fileID: 100100000, guid: 8d8fb26dd6a666247b80ad25ad1e316b, type: 3}
--- !u!4 &931522786663961642 stripped
Transform:
  m_CorrespondingSourceObject: {fileID: 8907660275367916087, guid: 8d8fb26dd6a666247b80ad25ad1e316b, type: 3}
  m_PrefabInstance: {fileID: 8607279227443619357}
  m_PrefabAsset: {fileID: 0}
--- !u!1001 &8607279227460734781
PrefabInstance:
  m_ObjectHideFlags: 0
  serializedVersion: 2
  m_Modification:
    m_TransformParent: {fileID: 8607279227832606064}
    m_Modifications:
    - target: {fileID: 7232746888175861384, guid: b951a849336641c4fab7cc6d23fd2767, type: 3}
      propertyPath: m_RootOrder
      value: 2
      objectReference: {fileID: 0}
    - target: {fileID: 7232746888175861384, guid: b951a849336641c4fab7cc6d23fd2767, type: 3}
      propertyPath: m_LocalPosition.x
      value: 1.4554787
      objectReference: {fileID: 0}
    - target: {fileID: 7232746888175861384, guid: b951a849336641c4fab7cc6d23fd2767, type: 3}
      propertyPath: m_LocalPosition.y
      value: -1.8941015
      objectReference: {fileID: 0}
    - target: {fileID: 7232746888175861384, guid: b951a849336641c4fab7cc6d23fd2767, type: 3}
      propertyPath: m_LocalPosition.z
      value: 0.2637725
      objectReference: {fileID: 0}
    - target: {fileID: 7232746888175861384, guid: b951a849336641c4fab7cc6d23fd2767, type: 3}
      propertyPath: m_LocalRotation.w
      value: 0.7071068
      objectReference: {fileID: 0}
    - target: {fileID: 7232746888175861384, guid: b951a849336641c4fab7cc6d23fd2767, type: 3}
      propertyPath: m_LocalRotation.x
      value: -0
      objectReference: {fileID: 0}
    - target: {fileID: 7232746888175861384, guid: b951a849336641c4fab7cc6d23fd2767, type: 3}
      propertyPath: m_LocalRotation.y
      value: 0.7071068
      objectReference: {fileID: 0}
    - target: {fileID: 7232746888175861384, guid: b951a849336641c4fab7cc6d23fd2767, type: 3}
      propertyPath: m_LocalRotation.z
      value: -0
      objectReference: {fileID: 0}
    - target: {fileID: 7232746888175861384, guid: b951a849336641c4fab7cc6d23fd2767, type: 3}
      propertyPath: m_LocalEulerAnglesHint.x
      value: 0
      objectReference: {fileID: 0}
    - target: {fileID: 7232746888175861384, guid: b951a849336641c4fab7cc6d23fd2767, type: 3}
      propertyPath: m_LocalEulerAnglesHint.y
      value: 90
      objectReference: {fileID: 0}
    - target: {fileID: 7232746888175861384, guid: b951a849336641c4fab7cc6d23fd2767, type: 3}
      propertyPath: m_LocalEulerAnglesHint.z
      value: 0
      objectReference: {fileID: 0}
    - target: {fileID: 8004075582708573234, guid: b951a849336641c4fab7cc6d23fd2767, type: 3}
      propertyPath: m_Name
      value: Couch_Rustic_Red
      objectReference: {fileID: 0}
    m_RemovedComponents: []
  m_SourcePrefab: {fileID: 100100000, guid: b951a849336641c4fab7cc6d23fd2767, type: 3}
--- !u!4 &1381710237746983349 stripped
Transform:
  m_CorrespondingSourceObject: {fileID: 7232746888175861384, guid: b951a849336641c4fab7cc6d23fd2767, type: 3}
  m_PrefabInstance: {fileID: 8607279227460734781}
  m_PrefabAsset: {fileID: 0}
--- !u!1001 &8607279227462507206
PrefabInstance:
  m_ObjectHideFlags: 0
  serializedVersion: 2
  m_Modification:
    m_TransformParent: {fileID: 8607279227832606064}
    m_Modifications:
    - target: {fileID: 8080869083685791159, guid: 8197e8d854c12244184c7c0f390c00dc, type: 3}
      propertyPath: m_RootOrder
      value: 11
      objectReference: {fileID: 0}
    - target: {fileID: 8080869083685791159, guid: 8197e8d854c12244184c7c0f390c00dc, type: 3}
      propertyPath: m_LocalScale.x
      value: 2.1
      objectReference: {fileID: 0}
    - target: {fileID: 8080869083685791159, guid: 8197e8d854c12244184c7c0f390c00dc, type: 3}
      propertyPath: m_LocalScale.y
      value: 1.5882813
      objectReference: {fileID: 0}
    - target: {fileID: 8080869083685791159, guid: 8197e8d854c12244184c7c0f390c00dc, type: 3}
      propertyPath: m_LocalScale.z
      value: 1.3624998
      objectReference: {fileID: 0}
    - target: {fileID: 8080869083685791159, guid: 8197e8d854c12244184c7c0f390c00dc, type: 3}
      propertyPath: m_LocalPosition.x
      value: 0.75847876
      objectReference: {fileID: 0}
    - target: {fileID: 8080869083685791159, guid: 8197e8d854c12244184c7c0f390c00dc, type: 3}
      propertyPath: m_LocalPosition.y
      value: -1.8941015
      objectReference: {fileID: 0}
    - target: {fileID: 8080869083685791159, guid: 8197e8d854c12244184c7c0f390c00dc, type: 3}
      propertyPath: m_LocalPosition.z
      value: 0.25677252
      objectReference: {fileID: 0}
    - target: {fileID: 8080869083685791159, guid: 8197e8d854c12244184c7c0f390c00dc, type: 3}
      propertyPath: m_LocalRotation.w
      value: 0.7071068
      objectReference: {fileID: 0}
    - target: {fileID: 8080869083685791159, guid: 8197e8d854c12244184c7c0f390c00dc, type: 3}
      propertyPath: m_LocalRotation.x
      value: -0
      objectReference: {fileID: 0}
    - target: {fileID: 8080869083685791159, guid: 8197e8d854c12244184c7c0f390c00dc, type: 3}
      propertyPath: m_LocalRotation.y
      value: -0.7071068
      objectReference: {fileID: 0}
    - target: {fileID: 8080869083685791159, guid: 8197e8d854c12244184c7c0f390c00dc, type: 3}
      propertyPath: m_LocalRotation.z
      value: -0
      objectReference: {fileID: 0}
    - target: {fileID: 8080869083685791159, guid: 8197e8d854c12244184c7c0f390c00dc, type: 3}
      propertyPath: m_LocalEulerAnglesHint.x
      value: 0
      objectReference: {fileID: 0}
    - target: {fileID: 8080869083685791159, guid: 8197e8d854c12244184c7c0f390c00dc, type: 3}
      propertyPath: m_LocalEulerAnglesHint.y
      value: -90
      objectReference: {fileID: 0}
    - target: {fileID: 8080869083685791159, guid: 8197e8d854c12244184c7c0f390c00dc, type: 3}
      propertyPath: m_LocalEulerAnglesHint.z
      value: 0
      objectReference: {fileID: 0}
    - target: {fileID: 8894278528275021581, guid: 8197e8d854c12244184c7c0f390c00dc, type: 3}
      propertyPath: m_Name
      value: Chest_Traditional
      objectReference: {fileID: 0}
    m_RemovedComponents: []
  m_SourcePrefab: {fileID: 100100000, guid: 8197e8d854c12244184c7c0f390c00dc, type: 3}
--- !u!4 &528664177242767217 stripped
Transform:
  m_CorrespondingSourceObject: {fileID: 8080869083685791159, guid: 8197e8d854c12244184c7c0f390c00dc, type: 3}
  m_PrefabInstance: {fileID: 8607279227462507206}
  m_PrefabAsset: {fileID: 0}
--- !u!1001 &8607279227474717525
PrefabInstance:
  m_ObjectHideFlags: 0
  serializedVersion: 2
  m_Modification:
    m_TransformParent: {fileID: 8607279227832606064}
    m_Modifications:
    - target: {fileID: 1220256424345043040, guid: e5b6e40db88c14344b1b380c0e966e20, type: 3}
      propertyPath: m_RootOrder
      value: 8
      objectReference: {fileID: 0}
    - target: {fileID: 1220256424345043040, guid: e5b6e40db88c14344b1b380c0e966e20, type: 3}
      propertyPath: m_LocalPosition.x
      value: -0.9563116
      objectReference: {fileID: 0}
    - target: {fileID: 1220256424345043040, guid: e5b6e40db88c14344b1b380c0e966e20, type: 3}
      propertyPath: m_LocalPosition.y
      value: -1.88
      objectReference: {fileID: 0}
    - target: {fileID: 1220256424345043040, guid: e5b6e40db88c14344b1b380c0e966e20, type: 3}
      propertyPath: m_LocalPosition.z
      value: 0.12577248
      objectReference: {fileID: 0}
    - target: {fileID: 1220256424345043040, guid: e5b6e40db88c14344b1b380c0e966e20, type: 3}
      propertyPath: m_LocalRotation.w
      value: 1
      objectReference: {fileID: 0}
    - target: {fileID: 1220256424345043040, guid: e5b6e40db88c14344b1b380c0e966e20, type: 3}
      propertyPath: m_LocalRotation.x
      value: -0
      objectReference: {fileID: 0}
    - target: {fileID: 1220256424345043040, guid: e5b6e40db88c14344b1b380c0e966e20, type: 3}
      propertyPath: m_LocalRotation.y
      value: -0
      objectReference: {fileID: 0}
    - target: {fileID: 1220256424345043040, guid: e5b6e40db88c14344b1b380c0e966e20, type: 3}
      propertyPath: m_LocalRotation.z
      value: -0
      objectReference: {fileID: 0}
    - target: {fileID: 1220256424345043040, guid: e5b6e40db88c14344b1b380c0e966e20, type: 3}
      propertyPath: m_LocalEulerAnglesHint.x
      value: 0
      objectReference: {fileID: 0}
    - target: {fileID: 1220256424345043040, guid: e5b6e40db88c14344b1b380c0e966e20, type: 3}
      propertyPath: m_LocalEulerAnglesHint.y
      value: 0
      objectReference: {fileID: 0}
    - target: {fileID: 1220256424345043040, guid: e5b6e40db88c14344b1b380c0e966e20, type: 3}
      propertyPath: m_LocalEulerAnglesHint.z
      value: 0
      objectReference: {fileID: 0}
    - target: {fileID: 7836764174154089814, guid: e5b6e40db88c14344b1b380c0e966e20, type: 3}
      propertyPath: m_Name
      value: Rug_Rect_Purple
      objectReference: {fileID: 0}
    m_RemovedComponents: []
  m_SourcePrefab: {fileID: 100100000, guid: e5b6e40db88c14344b1b380c0e966e20, type: 3}
--- !u!1 &1995927671494471171 stripped
GameObject:
  m_CorrespondingSourceObject: {fileID: 7836764174154089814, guid: e5b6e40db88c14344b1b380c0e966e20, type: 3}
  m_PrefabInstance: {fileID: 8607279227474717525}
  m_PrefabAsset: {fileID: 0}
--- !u!114 &8607279228972958902
MonoBehaviour:
  m_ObjectHideFlags: 0
  m_CorrespondingSourceObject: {fileID: 0}
  m_PrefabInstance: {fileID: 0}
  m_PrefabAsset: {fileID: 0}
  m_GameObject: {fileID: 1995927671494471171}
  m_Enabled: 1
  m_EditorHideFlags: 0
  m_Script: {fileID: 11500000, guid: 38f6bf3d943ac7945842268c9ef1dca6, type: 3}
  m_Name: 
  m_EditorClassIdentifier: 
  m_InteractionManager: {fileID: 0}
  m_Colliders: []
  m_InteractionLayerMask:
    serializedVersion: 2
    m_Bits: 4294967295
  m_InteractionLayers:
    m_Bits: 1
  m_DistanceCalculationMode: 1
  m_SelectMode: 1
  m_CustomReticle: {fileID: 0}
  m_FirstHoverEntered:
    m_PersistentCalls:
      m_Calls: []
  m_LastHoverExited:
    m_PersistentCalls:
      m_Calls: []
  m_HoverEntered:
    m_PersistentCalls:
      m_Calls: []
  m_HoverExited:
    m_PersistentCalls:
      m_Calls: []
  m_FirstSelectEntered:
    m_PersistentCalls:
      m_Calls: []
  m_LastSelectExited:
    m_PersistentCalls:
      m_Calls: []
  m_SelectEntered:
    m_PersistentCalls:
      m_Calls: []
  m_SelectExited:
    m_PersistentCalls:
      m_Calls: []
  m_Activated:
    m_PersistentCalls:
      m_Calls: []
  m_Deactivated:
    m_PersistentCalls:
      m_Calls: []
  m_OnFirstHoverEntered:
    m_PersistentCalls:
      m_Calls: []
  m_OnLastHoverExited:
    m_PersistentCalls:
      m_Calls: []
  m_OnHoverEntered:
    m_PersistentCalls:
      m_Calls: []
  m_OnHoverExited:
    m_PersistentCalls:
      m_Calls: []
  m_OnSelectEntered:
    m_PersistentCalls:
      m_Calls: []
  m_OnSelectExited:
    m_PersistentCalls:
      m_Calls: []
  m_OnSelectCanceled:
    m_PersistentCalls:
      m_Calls: []
  m_OnActivate:
    m_PersistentCalls:
      m_Calls: []
  m_OnDeactivate:
    m_PersistentCalls:
      m_Calls: []
  m_TeleportationProvider: {fileID: 0}
  m_MatchOrientation: 0
  m_TeleportTrigger: 0
  m_Teleporting:
    m_PersistentCalls:
      m_Calls: []
--- !u!4 &7465853389457533749 stripped
Transform:
  m_CorrespondingSourceObject: {fileID: 1220256424345043040, guid: e5b6e40db88c14344b1b380c0e966e20, type: 3}
  m_PrefabInstance: {fileID: 8607279227474717525}
  m_PrefabAsset: {fileID: 0}
--- !u!1001 &8607279227688079695
PrefabInstance:
  m_ObjectHideFlags: 0
  serializedVersion: 2
  m_Modification:
    m_TransformParent: {fileID: 8607279227832606064}
    m_Modifications:
    - target: {fileID: 2194596261931701327, guid: e8f8deb5a30624e479e669f8e64613b8, type: 3}
      propertyPath: m_RootOrder
      value: 12
      objectReference: {fileID: 0}
    - target: {fileID: 2194596261931701327, guid: e8f8deb5a30624e479e669f8e64613b8, type: 3}
      propertyPath: m_LocalPosition.x
      value: 3.2864785
      objectReference: {fileID: 0}
    - target: {fileID: 2194596261931701327, guid: e8f8deb5a30624e479e669f8e64613b8, type: 3}
      propertyPath: m_LocalPosition.y
      value: -1.8941015
      objectReference: {fileID: 0}
    - target: {fileID: 2194596261931701327, guid: e8f8deb5a30624e479e669f8e64613b8, type: 3}
      propertyPath: m_LocalPosition.z
      value: -1.1862273
      objectReference: {fileID: 0}
    - target: {fileID: 2194596261931701327, guid: e8f8deb5a30624e479e669f8e64613b8, type: 3}
      propertyPath: m_LocalRotation.w
      value: 1
      objectReference: {fileID: 0}
    - target: {fileID: 2194596261931701327, guid: e8f8deb5a30624e479e669f8e64613b8, type: 3}
      propertyPath: m_LocalRotation.x
      value: -0
      objectReference: {fileID: 0}
    - target: {fileID: 2194596261931701327, guid: e8f8deb5a30624e479e669f8e64613b8, type: 3}
      propertyPath: m_LocalRotation.y
      value: -0
      objectReference: {fileID: 0}
    - target: {fileID: 2194596261931701327, guid: e8f8deb5a30624e479e669f8e64613b8, type: 3}
      propertyPath: m_LocalRotation.z
      value: -0
      objectReference: {fileID: 0}
    - target: {fileID: 2194596261931701327, guid: e8f8deb5a30624e479e669f8e64613b8, type: 3}
      propertyPath: m_LocalEulerAnglesHint.x
      value: 0
      objectReference: {fileID: 0}
    - target: {fileID: 2194596261931701327, guid: e8f8deb5a30624e479e669f8e64613b8, type: 3}
      propertyPath: m_LocalEulerAnglesHint.y
      value: 0
      objectReference: {fileID: 0}
    - target: {fileID: 2194596261931701327, guid: e8f8deb5a30624e479e669f8e64613b8, type: 3}
      propertyPath: m_LocalEulerAnglesHint.z
      value: 0
      objectReference: {fileID: 0}
    - target: {fileID: 5608283333409663164, guid: e8f8deb5a30624e479e669f8e64613b8, type: 3}
      propertyPath: m_Name
      value: Plant_A
      objectReference: {fileID: 0}
    m_RemovedComponents: []
  m_SourcePrefab: {fileID: 100100000, guid: e8f8deb5a30624e479e669f8e64613b8, type: 3}
--- !u!4 &7568289787298481408 stripped
Transform:
  m_CorrespondingSourceObject: {fileID: 2194596261931701327, guid: e8f8deb5a30624e479e669f8e64613b8, type: 3}
  m_PrefabInstance: {fileID: 8607279227688079695}
  m_PrefabAsset: {fileID: 0}
--- !u!1001 &8607279227812550111
PrefabInstance:
  m_ObjectHideFlags: 0
  serializedVersion: 2
  m_Modification:
    m_TransformParent: {fileID: 8607279227832606064}
    m_Modifications:
    - target: {fileID: 3956264462789570733, guid: 12c3467b95c7e5c4b9c2f42733663d2c, type: 3}
      propertyPath: m_RootOrder
      value: 7
      objectReference: {fileID: 0}
    - target: {fileID: 3956264462789570733, guid: 12c3467b95c7e5c4b9c2f42733663d2c, type: 3}
      propertyPath: m_LocalPosition.x
      value: -1.9175214
      objectReference: {fileID: 0}
    - target: {fileID: 3956264462789570733, guid: 12c3467b95c7e5c4b9c2f42733663d2c, type: 3}
      propertyPath: m_LocalPosition.y
      value: -1.894
      objectReference: {fileID: 0}
    - target: {fileID: 3956264462789570733, guid: 12c3467b95c7e5c4b9c2f42733663d2c, type: 3}
      propertyPath: m_LocalPosition.z
      value: -0.3562274
      objectReference: {fileID: 0}
    - target: {fileID: 3956264462789570733, guid: 12c3467b95c7e5c4b9c2f42733663d2c, type: 3}
      propertyPath: m_LocalRotation.w
      value: 1
      objectReference: {fileID: 0}
    - target: {fileID: 3956264462789570733, guid: 12c3467b95c7e5c4b9c2f42733663d2c, type: 3}
      propertyPath: m_LocalRotation.x
      value: -0
      objectReference: {fileID: 0}
    - target: {fileID: 3956264462789570733, guid: 12c3467b95c7e5c4b9c2f42733663d2c, type: 3}
      propertyPath: m_LocalRotation.y
      value: -0
      objectReference: {fileID: 0}
    - target: {fileID: 3956264462789570733, guid: 12c3467b95c7e5c4b9c2f42733663d2c, type: 3}
      propertyPath: m_LocalRotation.z
      value: -0
      objectReference: {fileID: 0}
    - target: {fileID: 3956264462789570733, guid: 12c3467b95c7e5c4b9c2f42733663d2c, type: 3}
      propertyPath: m_LocalEulerAnglesHint.x
      value: 0
      objectReference: {fileID: 0}
    - target: {fileID: 3956264462789570733, guid: 12c3467b95c7e5c4b9c2f42733663d2c, type: 3}
      propertyPath: m_LocalEulerAnglesHint.y
      value: 0
      objectReference: {fileID: 0}
    - target: {fileID: 3956264462789570733, guid: 12c3467b95c7e5c4b9c2f42733663d2c, type: 3}
      propertyPath: m_LocalEulerAnglesHint.z
      value: 0
      objectReference: {fileID: 0}
    - target: {fileID: 4444113015199148567, guid: 12c3467b95c7e5c4b9c2f42733663d2c, type: 3}
      propertyPath: m_Name
      value: Table_Dining_Modern_Dark
      objectReference: {fileID: 0}
    m_RemovedComponents: []
  m_SourcePrefab: {fileID: 100100000, guid: 12c3467b95c7e5c4b9c2f42733663d2c, type: 3}
--- !u!4 &4725484698511304050 stripped
Transform:
  m_CorrespondingSourceObject: {fileID: 3956264462789570733, guid: 12c3467b95c7e5c4b9c2f42733663d2c, type: 3}
  m_PrefabInstance: {fileID: 8607279227812550111}
  m_PrefabAsset: {fileID: 0}
--- !u!1001 &8607279227814842450
PrefabInstance:
  m_ObjectHideFlags: 0
  serializedVersion: 2
  m_Modification:
    m_TransformParent: {fileID: 8607279227832606064}
    m_Modifications:
    - target: {fileID: 8334628511856218403, guid: c34351a5319bcd74ab5f7a2f3ef5edcc, type: 3}
      propertyPath: m_Name
      value: Mirror_Square_Black
      objectReference: {fileID: 0}
    - target: {fileID: 8710345226670574489, guid: c34351a5319bcd74ab5f7a2f3ef5edcc, type: 3}
      propertyPath: m_RootOrder
      value: 0
      objectReference: {fileID: 0}
    - target: {fileID: 8710345226670574489, guid: c34351a5319bcd74ab5f7a2f3ef5edcc, type: 3}
      propertyPath: m_LocalScale.x
      value: 2.7249997
      objectReference: {fileID: 0}
    - target: {fileID: 8710345226670574489, guid: c34351a5319bcd74ab5f7a2f3ef5edcc, type: 3}
      propertyPath: m_LocalScale.y
      value: 3.853
      objectReference: {fileID: 0}
    - target: {fileID: 8710345226670574489, guid: c34351a5319bcd74ab5f7a2f3ef5edcc, type: 3}
      propertyPath: m_LocalPosition.x
      value: -2.2405214
      objectReference: {fileID: 0}
    - target: {fileID: 8710345226670574489, guid: c34351a5319bcd74ab5f7a2f3ef5edcc, type: 3}
      propertyPath: m_LocalPosition.y
      value: -1.4041015
      objectReference: {fileID: 0}
    - target: {fileID: 8710345226670574489, guid: c34351a5319bcd74ab5f7a2f3ef5edcc, type: 3}
      propertyPath: m_LocalPosition.z
      value: 1.5507727
      objectReference: {fileID: 0}
    - target: {fileID: 8710345226670574489, guid: c34351a5319bcd74ab5f7a2f3ef5edcc, type: 3}
      propertyPath: m_LocalRotation.w
      value: 0.7071068
      objectReference: {fileID: 0}
    - target: {fileID: 8710345226670574489, guid: c34351a5319bcd74ab5f7a2f3ef5edcc, type: 3}
      propertyPath: m_LocalRotation.x
      value: -0
      objectReference: {fileID: 0}
    - target: {fileID: 8710345226670574489, guid: c34351a5319bcd74ab5f7a2f3ef5edcc, type: 3}
      propertyPath: m_LocalRotation.y
      value: 0.7071068
      objectReference: {fileID: 0}
    - target: {fileID: 8710345226670574489, guid: c34351a5319bcd74ab5f7a2f3ef5edcc, type: 3}
      propertyPath: m_LocalRotation.z
      value: -0
      objectReference: {fileID: 0}
    - target: {fileID: 8710345226670574489, guid: c34351a5319bcd74ab5f7a2f3ef5edcc, type: 3}
      propertyPath: m_LocalEulerAnglesHint.x
      value: 0
      objectReference: {fileID: 0}
    - target: {fileID: 8710345226670574489, guid: c34351a5319bcd74ab5f7a2f3ef5edcc, type: 3}
      propertyPath: m_LocalEulerAnglesHint.y
      value: 90
      objectReference: {fileID: 0}
    - target: {fileID: 8710345226670574489, guid: c34351a5319bcd74ab5f7a2f3ef5edcc, type: 3}
      propertyPath: m_LocalEulerAnglesHint.z
      value: 0
      objectReference: {fileID: 0}
    m_RemovedComponents: []
  m_SourcePrefab: {fileID: 100100000, guid: c34351a5319bcd74ab5f7a2f3ef5edcc, type: 3}
--- !u!4 &1122080268580592587 stripped
Transform:
  m_CorrespondingSourceObject: {fileID: 8710345226670574489, guid: c34351a5319bcd74ab5f7a2f3ef5edcc, type: 3}
  m_PrefabInstance: {fileID: 8607279227814842450}
  m_PrefabAsset: {fileID: 0}
--- !u!1001 &8607279228027826919
PrefabInstance:
  m_ObjectHideFlags: 0
  serializedVersion: 2
  m_Modification:
    m_TransformParent: {fileID: 8607279227832606064}
    m_Modifications:
    - target: {fileID: 6954268796586615722, guid: 65e1b17be55fde04f921004e190ce003, type: 3}
      propertyPath: m_Name
      value: Mat_Rect_Green (3)
      objectReference: {fileID: 0}
    - target: {fileID: 7766833644459571472, guid: 65e1b17be55fde04f921004e190ce003, type: 3}
      propertyPath: m_RootOrder
      value: 17
      objectReference: {fileID: 0}
    - target: {fileID: 7766833644459571472, guid: 65e1b17be55fde04f921004e190ce003, type: 3}
      propertyPath: m_LocalPosition.x
      value: 2.016
      objectReference: {fileID: 0}
    - target: {fileID: 7766833644459571472, guid: 65e1b17be55fde04f921004e190ce003, type: 3}
      propertyPath: m_LocalPosition.y
      value: -1.8841013
      objectReference: {fileID: 0}
    - target: {fileID: 7766833644459571472, guid: 65e1b17be55fde04f921004e190ce003, type: 3}
      propertyPath: m_LocalPosition.z
      value: 0.257
      objectReference: {fileID: 0}
    - target: {fileID: 7766833644459571472, guid: 65e1b17be55fde04f921004e190ce003, type: 3}
      propertyPath: m_LocalRotation.w
      value: -0.7154813
      objectReference: {fileID: 0}
    - target: {fileID: 7766833644459571472, guid: 65e1b17be55fde04f921004e190ce003, type: 3}
      propertyPath: m_LocalRotation.x
      value: -0
      objectReference: {fileID: 0}
    - target: {fileID: 7766833644459571472, guid: 65e1b17be55fde04f921004e190ce003, type: 3}
      propertyPath: m_LocalRotation.y
      value: -0.6986319
      objectReference: {fileID: 0}
    - target: {fileID: 7766833644459571472, guid: 65e1b17be55fde04f921004e190ce003, type: 3}
      propertyPath: m_LocalRotation.z
      value: -0
      objectReference: {fileID: 0}
    - target: {fileID: 7766833644459571472, guid: 65e1b17be55fde04f921004e190ce003, type: 3}
      propertyPath: m_LocalEulerAnglesHint.x
      value: 0
      objectReference: {fileID: 0}
    - target: {fileID: 7766833644459571472, guid: 65e1b17be55fde04f921004e190ce003, type: 3}
      propertyPath: m_LocalEulerAnglesHint.y
      value: -271.365
      objectReference: {fileID: 0}
    - target: {fileID: 7766833644459571472, guid: 65e1b17be55fde04f921004e190ce003, type: 3}
      propertyPath: m_LocalEulerAnglesHint.z
      value: 0
      objectReference: {fileID: 0}
    m_RemovedComponents: []
  m_SourcePrefab: {fileID: 100100000, guid: 65e1b17be55fde04f921004e190ce003, type: 3}
--- !u!1 &1725358571695280461 stripped
GameObject:
  m_CorrespondingSourceObject: {fileID: 6954268796586615722, guid: 65e1b17be55fde04f921004e190ce003, type: 3}
  m_PrefabInstance: {fileID: 8607279228027826919}
  m_PrefabAsset: {fileID: 0}
--- !u!114 &951744086
MonoBehaviour:
  m_ObjectHideFlags: 0
  m_CorrespondingSourceObject: {fileID: 0}
  m_PrefabInstance: {fileID: 0}
  m_PrefabAsset: {fileID: 0}
  m_GameObject: {fileID: 1725358571695280461}
  m_Enabled: 1
  m_EditorHideFlags: 0
  m_Script: {fileID: 11500000, guid: 7e2f4617667341945b5a7756e14b62d0, type: 3}
  m_Name: 
  m_EditorClassIdentifier: 
  m_InteractionManager: {fileID: 0}
  m_Colliders: []
  m_InteractionLayerMask:
    serializedVersion: 2
    m_Bits: 4294967295
  m_InteractionLayers:
    m_Bits: 1
  m_DistanceCalculationMode: 1
  m_SelectMode: 1
  m_CustomReticle: {fileID: 0}
  m_FirstHoverEntered:
    m_PersistentCalls:
      m_Calls: []
  m_LastHoverExited:
    m_PersistentCalls:
      m_Calls: []
  m_HoverEntered:
    m_PersistentCalls:
      m_Calls: []
  m_HoverExited:
    m_PersistentCalls:
      m_Calls: []
  m_FirstSelectEntered:
    m_PersistentCalls:
      m_Calls: []
  m_LastSelectExited:
    m_PersistentCalls:
      m_Calls: []
  m_SelectEntered:
    m_PersistentCalls:
      m_Calls: []
  m_SelectExited:
    m_PersistentCalls:
      m_Calls: []
  m_Activated:
    m_PersistentCalls:
      m_Calls: []
  m_Deactivated:
    m_PersistentCalls:
      m_Calls: []
  m_OnFirstHoverEntered:
    m_PersistentCalls:
      m_Calls: []
  m_OnLastHoverExited:
    m_PersistentCalls:
      m_Calls: []
  m_OnHoverEntered:
    m_PersistentCalls:
      m_Calls: []
  m_OnHoverExited:
    m_PersistentCalls:
      m_Calls: []
  m_OnSelectEntered:
    m_PersistentCalls:
      m_Calls: []
  m_OnSelectExited:
    m_PersistentCalls:
      m_Calls: []
  m_OnSelectCanceled:
    m_PersistentCalls:
      m_Calls: []
  m_OnActivate:
    m_PersistentCalls:
      m_Calls: []
  m_OnDeactivate:
    m_PersistentCalls:
      m_Calls: []
  m_TeleportationProvider: {fileID: 0}
  m_MatchOrientation: 2
  m_TeleportTrigger: 0
  m_Teleporting:
    m_PersistentCalls:
      m_Calls: []
  m_TeleportAnchorTransform: {fileID: 2070077850402343927}
--- !u!4 &2070077850402343927 stripped
Transform:
  m_CorrespondingSourceObject: {fileID: 7766833644459571472, guid: 65e1b17be55fde04f921004e190ce003, type: 3}
  m_PrefabInstance: {fileID: 8607279228027826919}
  m_PrefabAsset: {fileID: 0}
--- !u!1001 &8607279228171926337
PrefabInstance:
  m_ObjectHideFlags: 0
  serializedVersion: 2
  m_Modification:
    m_TransformParent: {fileID: 8607279227741904514}
    m_Modifications:
    - target: {fileID: 381302922, guid: d9470993b9bd0a541a884d6f6704a421, type: 3}
      propertyPath: m_IsActive
      value: 0
      objectReference: {fileID: 0}
    - target: {fileID: 472198468225971865, guid: d9470993b9bd0a541a884d6f6704a421, type: 3}
      propertyPath: m_Name
      value: Room_Modern
      objectReference: {fileID: 0}
    - target: {fileID: 472198468225971865, guid: d9470993b9bd0a541a884d6f6704a421, type: 3}
      propertyPath: m_IsActive
      value: 1
      objectReference: {fileID: 0}
    - target: {fileID: 992558480225725475, guid: d9470993b9bd0a541a884d6f6704a421, type: 3}
      propertyPath: m_RootOrder
      value: 0
      objectReference: {fileID: 0}
    - target: {fileID: 992558480225725475, guid: d9470993b9bd0a541a884d6f6704a421, type: 3}
      propertyPath: m_LocalPosition.x
      value: -3.6600013
      objectReference: {fileID: 0}
    - target: {fileID: 992558480225725475, guid: d9470993b9bd0a541a884d6f6704a421, type: 3}
      propertyPath: m_LocalPosition.y
      value: 0.01
      objectReference: {fileID: 0}
    - target: {fileID: 992558480225725475, guid: d9470993b9bd0a541a884d6f6704a421, type: 3}
      propertyPath: m_LocalPosition.z
      value: 1.260001
      objectReference: {fileID: 0}
    - target: {fileID: 992558480225725475, guid: d9470993b9bd0a541a884d6f6704a421, type: 3}
      propertyPath: m_LocalRotation.w
      value: -0.7071071
      objectReference: {fileID: 0}
    - target: {fileID: 992558480225725475, guid: d9470993b9bd0a541a884d6f6704a421, type: 3}
      propertyPath: m_LocalRotation.x
      value: -0
      objectReference: {fileID: 0}
    - target: {fileID: 992558480225725475, guid: d9470993b9bd0a541a884d6f6704a421, type: 3}
      propertyPath: m_LocalRotation.y
      value: 0.70710653
      objectReference: {fileID: 0}
    - target: {fileID: 992558480225725475, guid: d9470993b9bd0a541a884d6f6704a421, type: 3}
      propertyPath: m_LocalRotation.z
      value: -0
      objectReference: {fileID: 0}
    - target: {fileID: 992558480225725475, guid: d9470993b9bd0a541a884d6f6704a421, type: 3}
      propertyPath: m_LocalEulerAnglesHint.x
      value: 0
      objectReference: {fileID: 0}
    - target: {fileID: 992558480225725475, guid: d9470993b9bd0a541a884d6f6704a421, type: 3}
      propertyPath: m_LocalEulerAnglesHint.y
      value: 180
      objectReference: {fileID: 0}
    - target: {fileID: 992558480225725475, guid: d9470993b9bd0a541a884d6f6704a421, type: 3}
      propertyPath: m_LocalEulerAnglesHint.z
      value: 0
      objectReference: {fileID: 0}
    - target: {fileID: 4094713249064622096, guid: d9470993b9bd0a541a884d6f6704a421, type: 3}
      propertyPath: m_IsActive
      value: 0
      objectReference: {fileID: 0}
    - target: {fileID: 5430152558404011643, guid: d9470993b9bd0a541a884d6f6704a421, type: 3}
      propertyPath: m_IsActive
      value: 0
      objectReference: {fileID: 0}
    m_RemovedComponents: []
  m_SourcePrefab: {fileID: 100100000, guid: d9470993b9bd0a541a884d6f6704a421, type: 3}
--- !u!4 &8842101498355570530 stripped
Transform:
  m_CorrespondingSourceObject: {fileID: 992558480225725475, guid: d9470993b9bd0a541a884d6f6704a421, type: 3}
  m_PrefabInstance: {fileID: 8607279228171926337}
  m_PrefabAsset: {fileID: 0}
--- !u!1001 &8607279228252257917
PrefabInstance:
  m_ObjectHideFlags: 0
  serializedVersion: 2
  m_Modification:
    m_TransformParent: {fileID: 8607279227832606064}
    m_Modifications:
    - target: {fileID: 6954268796586615722, guid: 65e1b17be55fde04f921004e190ce003, type: 3}
      propertyPath: m_Name
      value: Mat_Rect_Green (2)
      objectReference: {fileID: 0}
    - target: {fileID: 7766833644459571472, guid: 65e1b17be55fde04f921004e190ce003, type: 3}
      propertyPath: m_RootOrder
      value: 16
      objectReference: {fileID: 0}
    - target: {fileID: 7766833644459571472, guid: 65e1b17be55fde04f921004e190ce003, type: 3}
      propertyPath: m_LocalPosition.x
      value: 2.687
      objectReference: {fileID: 0}
    - target: {fileID: 7766833644459571472, guid: 65e1b17be55fde04f921004e190ce003, type: 3}
      propertyPath: m_LocalPosition.y
      value: -1.8841013
      objectReference: {fileID: 0}
    - target: {fileID: 7766833644459571472, guid: 65e1b17be55fde04f921004e190ce003, type: 3}
      propertyPath: m_LocalPosition.z
      value: -1.048
      objectReference: {fileID: 0}
    - target: {fileID: 7766833644459571472, guid: 65e1b17be55fde04f921004e190ce003, type: 3}
      propertyPath: m_LocalRotation.w
      value: -0.28474632
      objectReference: {fileID: 0}
    - target: {fileID: 7766833644459571472, guid: 65e1b17be55fde04f921004e190ce003, type: 3}
      propertyPath: m_LocalRotation.x
      value: -0
      objectReference: {fileID: 0}
    - target: {fileID: 7766833644459571472, guid: 65e1b17be55fde04f921004e190ce003, type: 3}
      propertyPath: m_LocalRotation.y
      value: -0.9586029
      objectReference: {fileID: 0}
    - target: {fileID: 7766833644459571472, guid: 65e1b17be55fde04f921004e190ce003, type: 3}
      propertyPath: m_LocalRotation.z
      value: -0
      objectReference: {fileID: 0}
    - target: {fileID: 7766833644459571472, guid: 65e1b17be55fde04f921004e190ce003, type: 3}
      propertyPath: m_LocalEulerAnglesHint.x
      value: 0
      objectReference: {fileID: 0}
    - target: {fileID: 7766833644459571472, guid: 65e1b17be55fde04f921004e190ce003, type: 3}
      propertyPath: m_LocalEulerAnglesHint.y
      value: -213.087
      objectReference: {fileID: 0}
    - target: {fileID: 7766833644459571472, guid: 65e1b17be55fde04f921004e190ce003, type: 3}
      propertyPath: m_LocalEulerAnglesHint.z
      value: 0
      objectReference: {fileID: 0}
    m_RemovedComponents: []
  m_SourcePrefab: {fileID: 100100000, guid: 65e1b17be55fde04f921004e190ce003, type: 3}
--- !u!1 &1725358572091612631 stripped
GameObject:
  m_CorrespondingSourceObject: {fileID: 6954268796586615722, guid: 65e1b17be55fde04f921004e190ce003, type: 3}
  m_PrefabInstance: {fileID: 8607279228252257917}
  m_PrefabAsset: {fileID: 0}
--- !u!114 &790297292
MonoBehaviour:
  m_ObjectHideFlags: 0
  m_CorrespondingSourceObject: {fileID: 0}
  m_PrefabInstance: {fileID: 0}
  m_PrefabAsset: {fileID: 0}
  m_GameObject: {fileID: 1725358572091612631}
  m_Enabled: 1
  m_EditorHideFlags: 0
  m_Script: {fileID: 11500000, guid: 7e2f4617667341945b5a7756e14b62d0, type: 3}
  m_Name: 
  m_EditorClassIdentifier: 
  m_InteractionManager: {fileID: 0}
  m_Colliders: []
  m_InteractionLayerMask:
    serializedVersion: 2
    m_Bits: 4294967295
  m_InteractionLayers:
    m_Bits: 1
  m_DistanceCalculationMode: 1
  m_SelectMode: 1
  m_CustomReticle: {fileID: 0}
  m_FirstHoverEntered:
    m_PersistentCalls:
      m_Calls: []
  m_LastHoverExited:
    m_PersistentCalls:
      m_Calls: []
  m_HoverEntered:
    m_PersistentCalls:
      m_Calls: []
  m_HoverExited:
    m_PersistentCalls:
      m_Calls: []
  m_FirstSelectEntered:
    m_PersistentCalls:
      m_Calls: []
  m_LastSelectExited:
    m_PersistentCalls:
      m_Calls: []
  m_SelectEntered:
    m_PersistentCalls:
      m_Calls: []
  m_SelectExited:
    m_PersistentCalls:
      m_Calls: []
  m_Activated:
    m_PersistentCalls:
      m_Calls: []
  m_Deactivated:
    m_PersistentCalls:
      m_Calls: []
  m_OnFirstHoverEntered:
    m_PersistentCalls:
      m_Calls: []
  m_OnLastHoverExited:
    m_PersistentCalls:
      m_Calls: []
  m_OnHoverEntered:
    m_PersistentCalls:
      m_Calls: []
  m_OnHoverExited:
    m_PersistentCalls:
      m_Calls: []
  m_OnSelectEntered:
    m_PersistentCalls:
      m_Calls: []
  m_OnSelectExited:
    m_PersistentCalls:
      m_Calls: []
  m_OnSelectCanceled:
    m_PersistentCalls:
      m_Calls: []
  m_OnActivate:
    m_PersistentCalls:
      m_Calls: []
  m_OnDeactivate:
    m_PersistentCalls:
      m_Calls: []
  m_TeleportationProvider: {fileID: 0}
  m_MatchOrientation: 2
  m_TeleportTrigger: 0
  m_Teleporting:
    m_PersistentCalls:
      m_Calls: []
  m_TeleportAnchorTransform: {fileID: 2070077850173720429}
--- !u!4 &2070077850173720429 stripped
Transform:
  m_CorrespondingSourceObject: {fileID: 7766833644459571472, guid: 65e1b17be55fde04f921004e190ce003, type: 3}
  m_PrefabInstance: {fileID: 8607279228252257917}
  m_PrefabAsset: {fileID: 0}
--- !u!1001 &8607279228340695788
PrefabInstance:
  m_ObjectHideFlags: 0
  serializedVersion: 2
  m_Modification:
    m_TransformParent: {fileID: 8607279227832606064}
    m_Modifications:
    - target: {fileID: 842252566, guid: f654ef212370c2948b593977bd733164, type: 3}
      propertyPath: m_BoundingSphereOverride.w
      value: NaN
      objectReference: {fileID: 0}
    - target: {fileID: 842252566, guid: f654ef212370c2948b593977bd733164, type: 3}
      propertyPath: m_BoundingSphereOverride.x
      value: 9.71e-43
      objectReference: {fileID: 0}
    - target: {fileID: 842252566, guid: f654ef212370c2948b593977bd733164, type: 3}
      propertyPath: m_BoundingSphereOverride.y
      value: NaN
      objectReference: {fileID: 0}
    - target: {fileID: 842252566, guid: f654ef212370c2948b593977bd733164, type: 3}
      propertyPath: m_BoundingSphereOverride.z
      value: 9.78048e-39
      objectReference: {fileID: 0}
    - target: {fileID: 436950025568814515, guid: f654ef212370c2948b593977bd733164, type: 3}
      propertyPath: m_Name
      value: Fireplace_Modern
      objectReference: {fileID: 0}
    - target: {fileID: 962515876946435849, guid: f654ef212370c2948b593977bd733164, type: 3}
      propertyPath: m_RootOrder
      value: 13
      objectReference: {fileID: 0}
    - target: {fileID: 962515876946435849, guid: f654ef212370c2948b593977bd733164, type: 3}
      propertyPath: m_LocalPosition.x
      value: 3.366479
      objectReference: {fileID: 0}
    - target: {fileID: 962515876946435849, guid: f654ef212370c2948b593977bd733164, type: 3}
      propertyPath: m_LocalPosition.y
      value: -1.8941015
      objectReference: {fileID: 0}
    - target: {fileID: 962515876946435849, guid: f654ef212370c2948b593977bd733164, type: 3}
      propertyPath: m_LocalPosition.z
      value: 2.3037727
      objectReference: {fileID: 0}
    - target: {fileID: 962515876946435849, guid: f654ef212370c2948b593977bd733164, type: 3}
      propertyPath: m_LocalRotation.w
      value: 0.34202018
      objectReference: {fileID: 0}
    - target: {fileID: 962515876946435849, guid: f654ef212370c2948b593977bd733164, type: 3}
      propertyPath: m_LocalRotation.x
      value: -0
      objectReference: {fileID: 0}
    - target: {fileID: 962515876946435849, guid: f654ef212370c2948b593977bd733164, type: 3}
      propertyPath: m_LocalRotation.y
      value: -0.9396926
      objectReference: {fileID: 0}
    - target: {fileID: 962515876946435849, guid: f654ef212370c2948b593977bd733164, type: 3}
      propertyPath: m_LocalRotation.z
      value: -0
      objectReference: {fileID: 0}
    - target: {fileID: 962515876946435849, guid: f654ef212370c2948b593977bd733164, type: 3}
      propertyPath: m_LocalEulerAnglesHint.x
      value: 0
      objectReference: {fileID: 0}
    - target: {fileID: 962515876946435849, guid: f654ef212370c2948b593977bd733164, type: 3}
      propertyPath: m_LocalEulerAnglesHint.y
      value: -140
      objectReference: {fileID: 0}
    - target: {fileID: 962515876946435849, guid: f654ef212370c2948b593977bd733164, type: 3}
      propertyPath: m_LocalEulerAnglesHint.z
      value: 0
      objectReference: {fileID: 0}
    m_RemovedComponents: []
  m_SourcePrefab: {fileID: 100100000, guid: f654ef212370c2948b593977bd733164, type: 3}
--- !u!1 &8607279228576838648 stripped
GameObject:
  m_CorrespondingSourceObject: {fileID: 842252564, guid: f654ef212370c2948b593977bd733164, type: 3}
  m_PrefabInstance: {fileID: 8607279228340695788}
  m_PrefabAsset: {fileID: 0}
--- !u!114 &8607279228340695790
MonoBehaviour:
  m_ObjectHideFlags: 0
  m_CorrespondingSourceObject: {fileID: 0}
  m_PrefabInstance: {fileID: 0}
  m_PrefabAsset: {fileID: 0}
  m_GameObject: {fileID: 8607279228576838648}
  m_Enabled: 1
  m_EditorHideFlags: 0
  m_Script: {fileID: 11500000, guid: 474bcb49853aa07438625e644c072ee6, type: 3}
  m_Name: 
  m_EditorClassIdentifier: 
  m_Version: 1
  m_UsePipelineSettings: 1
  m_AdditionalLightsShadowResolutionTier: 2
  m_LightLayerMask: 1
  m_CustomShadowLayers: 0
  m_ShadowLayerMask: 1
  m_LightCookieSize: {x: 1, y: 1}
  m_LightCookieOffset: {x: 0, y: 0}
--- !u!4 &8802489766106410469 stripped
Transform:
  m_CorrespondingSourceObject: {fileID: 962515876946435849, guid: f654ef212370c2948b593977bd733164, type: 3}
  m_PrefabInstance: {fileID: 8607279228340695788}
  m_PrefabAsset: {fileID: 0}
--- !u!1001 &8607279228655596021
PrefabInstance:
  m_ObjectHideFlags: 0
  serializedVersion: 2
  m_Modification:
    m_TransformParent: {fileID: 8607279227832606064}
    m_Modifications:
    - target: {fileID: 6954268796586615722, guid: 65e1b17be55fde04f921004e190ce003, type: 3}
      propertyPath: m_Name
      value: Mat_Rect_Green
      objectReference: {fileID: 0}
    - target: {fileID: 7766833644459571472, guid: 65e1b17be55fde04f921004e190ce003, type: 3}
      propertyPath: m_RootOrder
      value: 10
      objectReference: {fileID: 0}
    - target: {fileID: 7766833644459571472, guid: 65e1b17be55fde04f921004e190ce003, type: 3}
      propertyPath: m_LocalPosition.x
      value: -0.966
      objectReference: {fileID: 0}
    - target: {fileID: 7766833644459571472, guid: 65e1b17be55fde04f921004e190ce003, type: 3}
      propertyPath: m_LocalPosition.y
      value: -1.8841013
      objectReference: {fileID: 0}
    - target: {fileID: 7766833644459571472, guid: 65e1b17be55fde04f921004e190ce003, type: 3}
      propertyPath: m_LocalPosition.z
      value: 1.7697728
      objectReference: {fileID: 0}
    - target: {fileID: 7766833644459571472, guid: 65e1b17be55fde04f921004e190ce003, type: 3}
      propertyPath: m_LocalRotation.w
      value: 0.7071079
      objectReference: {fileID: 0}
    - target: {fileID: 7766833644459571472, guid: 65e1b17be55fde04f921004e190ce003, type: 3}
      propertyPath: m_LocalRotation.x
      value: -0
      objectReference: {fileID: 0}
    - target: {fileID: 7766833644459571472, guid: 65e1b17be55fde04f921004e190ce003, type: 3}
      propertyPath: m_LocalRotation.y
      value: -0.70710576
      objectReference: {fileID: 0}
    - target: {fileID: 7766833644459571472, guid: 65e1b17be55fde04f921004e190ce003, type: 3}
      propertyPath: m_LocalRotation.z
      value: -0
      objectReference: {fileID: 0}
    - target: {fileID: 7766833644459571472, guid: 65e1b17be55fde04f921004e190ce003, type: 3}
      propertyPath: m_LocalEulerAnglesHint.x
      value: 0
      objectReference: {fileID: 0}
    - target: {fileID: 7766833644459571472, guid: 65e1b17be55fde04f921004e190ce003, type: 3}
      propertyPath: m_LocalEulerAnglesHint.y
      value: -90
      objectReference: {fileID: 0}
    - target: {fileID: 7766833644459571472, guid: 65e1b17be55fde04f921004e190ce003, type: 3}
      propertyPath: m_LocalEulerAnglesHint.z
      value: 0
      objectReference: {fileID: 0}
    m_RemovedComponents: []
  m_SourcePrefab: {fileID: 100100000, guid: 65e1b17be55fde04f921004e190ce003, type: 3}
--- !u!1 &1725358572226581087 stripped
GameObject:
  m_CorrespondingSourceObject: {fileID: 6954268796586615722, guid: 65e1b17be55fde04f921004e190ce003, type: 3}
  m_PrefabInstance: {fileID: 8607279228655596021}
  m_PrefabAsset: {fileID: 0}
--- !u!114 &8607279228972958911
MonoBehaviour:
  m_ObjectHideFlags: 0
  m_CorrespondingSourceObject: {fileID: 0}
  m_PrefabInstance: {fileID: 0}
  m_PrefabAsset: {fileID: 0}
  m_GameObject: {fileID: 1725358572226581087}
  m_Enabled: 1
  m_EditorHideFlags: 0
  m_Script: {fileID: 11500000, guid: 7e2f4617667341945b5a7756e14b62d0, type: 3}
  m_Name: 
  m_EditorClassIdentifier: 
  m_InteractionManager: {fileID: 0}
  m_Colliders: []
  m_InteractionLayerMask:
    serializedVersion: 2
    m_Bits: 4294967295
  m_InteractionLayers:
    m_Bits: 1
  m_DistanceCalculationMode: 1
  m_SelectMode: 1
  m_CustomReticle: {fileID: 0}
  m_FirstHoverEntered:
    m_PersistentCalls:
      m_Calls: []
  m_LastHoverExited:
    m_PersistentCalls:
      m_Calls: []
  m_HoverEntered:
    m_PersistentCalls:
      m_Calls: []
  m_HoverExited:
    m_PersistentCalls:
      m_Calls: []
  m_FirstSelectEntered:
    m_PersistentCalls:
      m_Calls: []
  m_LastSelectExited:
    m_PersistentCalls:
      m_Calls: []
  m_SelectEntered:
    m_PersistentCalls:
      m_Calls: []
  m_SelectExited:
    m_PersistentCalls:
      m_Calls: []
  m_Activated:
    m_PersistentCalls:
      m_Calls: []
  m_Deactivated:
    m_PersistentCalls:
      m_Calls: []
  m_OnFirstHoverEntered:
    m_PersistentCalls:
      m_Calls: []
  m_OnLastHoverExited:
    m_PersistentCalls:
      m_Calls: []
  m_OnHoverEntered:
    m_PersistentCalls:
      m_Calls: []
  m_OnHoverExited:
    m_PersistentCalls:
      m_Calls: []
  m_OnSelectEntered:
    m_PersistentCalls:
      m_Calls: []
  m_OnSelectExited:
    m_PersistentCalls:
      m_Calls: []
  m_OnSelectCanceled:
    m_PersistentCalls:
      m_Calls: []
  m_OnActivate:
    m_PersistentCalls:
      m_Calls: []
  m_OnDeactivate:
    m_PersistentCalls:
      m_Calls: []
  m_TeleportationProvider: {fileID: 0}
  m_MatchOrientation: 2
  m_TeleportTrigger: 0
  m_Teleporting:
    m_PersistentCalls:
      m_Calls: []
  m_TeleportAnchorTransform: {fileID: 2070077851113998565}
--- !u!4 &2070077851113998565 stripped
Transform:
  m_CorrespondingSourceObject: {fileID: 7766833644459571472, guid: 65e1b17be55fde04f921004e190ce003, type: 3}
  m_PrefabInstance: {fileID: 8607279228655596021}
  m_PrefabAsset: {fileID: 0}
--- !u!1001 &8607279228835543905
PrefabInstance:
  m_ObjectHideFlags: 0
  serializedVersion: 2
  m_Modification:
    m_TransformParent: {fileID: 8607279227832606064}
    m_Modifications:
    - target: {fileID: 5059440518419336803, guid: 51c07d60274ac13489e2a61ff62c251b, type: 3}
      propertyPath: m_RootOrder
      value: 9
      objectReference: {fileID: 0}
    - target: {fileID: 5059440518419336803, guid: 51c07d60274ac13489e2a61ff62c251b, type: 3}
      propertyPath: m_LocalScale.x
      value: 0.53154
      objectReference: {fileID: 0}
    - target: {fileID: 5059440518419336803, guid: 51c07d60274ac13489e2a61ff62c251b, type: 3}
      propertyPath: m_LocalScale.y
      value: 0.53154
      objectReference: {fileID: 0}
    - target: {fileID: 5059440518419336803, guid: 51c07d60274ac13489e2a61ff62c251b, type: 3}
      propertyPath: m_LocalScale.z
      value: 0.53154
      objectReference: {fileID: 0}
    - target: {fileID: 5059440518419336803, guid: 51c07d60274ac13489e2a61ff62c251b, type: 3}
      propertyPath: m_LocalPosition.x
      value: 0.68847877
      objectReference: {fileID: 0}
    - target: {fileID: 5059440518419336803, guid: 51c07d60274ac13489e2a61ff62c251b, type: 3}
      propertyPath: m_LocalPosition.y
      value: -1.8841013
      objectReference: {fileID: 0}
    - target: {fileID: 5059440518419336803, guid: 51c07d60274ac13489e2a61ff62c251b, type: 3}
      propertyPath: m_LocalPosition.z
      value: 1.9597726
      objectReference: {fileID: 0}
    - target: {fileID: 5059440518419336803, guid: 51c07d60274ac13489e2a61ff62c251b, type: 3}
      propertyPath: m_LocalRotation.w
      value: 0.7071068
      objectReference: {fileID: 0}
    - target: {fileID: 5059440518419336803, guid: 51c07d60274ac13489e2a61ff62c251b, type: 3}
      propertyPath: m_LocalRotation.x
      value: -0
      objectReference: {fileID: 0}
    - target: {fileID: 5059440518419336803, guid: 51c07d60274ac13489e2a61ff62c251b, type: 3}
      propertyPath: m_LocalRotation.y
      value: 0.7071068
      objectReference: {fileID: 0}
    - target: {fileID: 5059440518419336803, guid: 51c07d60274ac13489e2a61ff62c251b, type: 3}
      propertyPath: m_LocalRotation.z
      value: -0
      objectReference: {fileID: 0}
    - target: {fileID: 5059440518419336803, guid: 51c07d60274ac13489e2a61ff62c251b, type: 3}
      propertyPath: m_LocalEulerAnglesHint.x
      value: 0
      objectReference: {fileID: 0}
    - target: {fileID: 5059440518419336803, guid: 51c07d60274ac13489e2a61ff62c251b, type: 3}
      propertyPath: m_LocalEulerAnglesHint.y
      value: 90
      objectReference: {fileID: 0}
    - target: {fileID: 5059440518419336803, guid: 51c07d60274ac13489e2a61ff62c251b, type: 3}
      propertyPath: m_LocalEulerAnglesHint.z
      value: 0
      objectReference: {fileID: 0}
    - target: {fileID: 5583741111356757209, guid: 51c07d60274ac13489e2a61ff62c251b, type: 3}
      propertyPath: m_Name
      value: Rug_Oval_Blue
      objectReference: {fileID: 0}
    m_RemovedComponents: []
  m_SourcePrefab: {fileID: 100100000, guid: 51c07d60274ac13489e2a61ff62c251b, type: 3}
--- !u!4 &3550398373839074562 stripped
Transform:
  m_CorrespondingSourceObject: {fileID: 5059440518419336803, guid: 51c07d60274ac13489e2a61ff62c251b, type: 3}
  m_PrefabInstance: {fileID: 8607279228835543905}
  m_PrefabAsset: {fileID: 0}
--- !u!1 &4183382456537001912 stripped
GameObject:
  m_CorrespondingSourceObject: {fileID: 5583741111356757209, guid: 51c07d60274ac13489e2a61ff62c251b, type: 3}
  m_PrefabInstance: {fileID: 8607279228835543905}
  m_PrefabAsset: {fileID: 0}
--- !u!114 &8607279228972958906
MonoBehaviour:
  m_ObjectHideFlags: 0
  m_CorrespondingSourceObject: {fileID: 0}
  m_PrefabInstance: {fileID: 0}
  m_PrefabAsset: {fileID: 0}
  m_GameObject: {fileID: 4183382456537001912}
  m_Enabled: 1
  m_EditorHideFlags: 0
  m_Script: {fileID: 11500000, guid: 38f6bf3d943ac7945842268c9ef1dca6, type: 3}
  m_Name: 
  m_EditorClassIdentifier: 
  m_InteractionManager: {fileID: 0}
  m_Colliders: []
  m_InteractionLayerMask:
    serializedVersion: 2
    m_Bits: 4294967295
  m_InteractionLayers:
    m_Bits: 1
  m_DistanceCalculationMode: 1
  m_SelectMode: 1
  m_CustomReticle: {fileID: 0}
  m_FirstHoverEntered:
    m_PersistentCalls:
      m_Calls: []
  m_LastHoverExited:
    m_PersistentCalls:
      m_Calls: []
  m_HoverEntered:
    m_PersistentCalls:
      m_Calls: []
  m_HoverExited:
    m_PersistentCalls:
      m_Calls: []
  m_FirstSelectEntered:
    m_PersistentCalls:
      m_Calls: []
  m_LastSelectExited:
    m_PersistentCalls:
      m_Calls: []
  m_SelectEntered:
    m_PersistentCalls:
      m_Calls: []
  m_SelectExited:
    m_PersistentCalls:
      m_Calls: []
  m_Activated:
    m_PersistentCalls:
      m_Calls: []
  m_Deactivated:
    m_PersistentCalls:
      m_Calls: []
  m_OnFirstHoverEntered:
    m_PersistentCalls:
      m_Calls: []
  m_OnLastHoverExited:
    m_PersistentCalls:
      m_Calls: []
  m_OnHoverEntered:
    m_PersistentCalls:
      m_Calls: []
  m_OnHoverExited:
    m_PersistentCalls:
      m_Calls: []
  m_OnSelectEntered:
    m_PersistentCalls:
      m_Calls: []
  m_OnSelectExited:
    m_PersistentCalls:
      m_Calls: []
  m_OnSelectCanceled:
    m_PersistentCalls:
      m_Calls: []
  m_OnActivate:
    m_PersistentCalls:
      m_Calls: []
  m_OnDeactivate:
    m_PersistentCalls:
      m_Calls: []
  m_TeleportationProvider: {fileID: 0}
  m_MatchOrientation: 0
  m_TeleportTrigger: 0
  m_Teleporting:
    m_PersistentCalls:
      m_Calls: []
--- !u!1001 &8607279228839192113
PrefabInstance:
  m_ObjectHideFlags: 0
  serializedVersion: 2
  m_Modification:
    m_TransformParent: {fileID: 8607279227832606064}
    m_Modifications:
    - target: {fileID: 3978375355822033550, guid: f7a65282a054cc846acdcfc67d1fcb9b, type: 3}
      propertyPath: m_Name
      value: Cabinet_Modern_Gray (1)
      objectReference: {fileID: 0}
    - target: {fileID: 4358877381373497396, guid: f7a65282a054cc846acdcfc67d1fcb9b, type: 3}
      propertyPath: m_RootOrder
      value: 5
      objectReference: {fileID: 0}
    - target: {fileID: 4358877381373497396, guid: f7a65282a054cc846acdcfc67d1fcb9b, type: 3}
      propertyPath: m_LocalPosition.x
      value: -0.62752116
      objectReference: {fileID: 0}
    - target: {fileID: 4358877381373497396, guid: f7a65282a054cc846acdcfc67d1fcb9b, type: 3}
      propertyPath: m_LocalPosition.y
      value: -1.8941015
      objectReference: {fileID: 0}
    - target: {fileID: 4358877381373497396, guid: f7a65282a054cc846acdcfc67d1fcb9b, type: 3}
      propertyPath: m_LocalPosition.z
      value: 2.3667727
      objectReference: {fileID: 0}
    - target: {fileID: 4358877381373497396, guid: f7a65282a054cc846acdcfc67d1fcb9b, type: 3}
      propertyPath: m_LocalRotation.w
      value: 0
      objectReference: {fileID: 0}
    - target: {fileID: 4358877381373497396, guid: f7a65282a054cc846acdcfc67d1fcb9b, type: 3}
      propertyPath: m_LocalRotation.x
      value: -0
      objectReference: {fileID: 0}
    - target: {fileID: 4358877381373497396, guid: f7a65282a054cc846acdcfc67d1fcb9b, type: 3}
      propertyPath: m_LocalRotation.y
      value: 1
      objectReference: {fileID: 0}
    - target: {fileID: 4358877381373497396, guid: f7a65282a054cc846acdcfc67d1fcb9b, type: 3}
      propertyPath: m_LocalRotation.z
      value: -0
      objectReference: {fileID: 0}
    - target: {fileID: 4358877381373497396, guid: f7a65282a054cc846acdcfc67d1fcb9b, type: 3}
      propertyPath: m_LocalEulerAnglesHint.x
      value: 0
      objectReference: {fileID: 0}
    - target: {fileID: 4358877381373497396, guid: f7a65282a054cc846acdcfc67d1fcb9b, type: 3}
      propertyPath: m_LocalEulerAnglesHint.y
      value: 180
      objectReference: {fileID: 0}
    - target: {fileID: 4358877381373497396, guid: f7a65282a054cc846acdcfc67d1fcb9b, type: 3}
      propertyPath: m_LocalEulerAnglesHint.z
      value: 0
      objectReference: {fileID: 0}
    m_RemovedComponents: []
  m_SourcePrefab: {fileID: 100100000, guid: f7a65282a054cc846acdcfc67d1fcb9b, type: 3}
--- !u!4 &5408512233981244933 stripped
Transform:
  m_CorrespondingSourceObject: {fileID: 4358877381373497396, guid: f7a65282a054cc846acdcfc67d1fcb9b, type: 3}
  m_PrefabInstance: {fileID: 8607279228839192113}
  m_PrefabAsset: {fileID: 0}
--- !u!1001 &8607279228926801146
PrefabInstance:
  m_ObjectHideFlags: 0
  serializedVersion: 2
  m_Modification:
    m_TransformParent: {fileID: 8607279227832606064}
    m_Modifications:
    - target: {fileID: 6954268796586615722, guid: 65e1b17be55fde04f921004e190ce003, type: 3}
      propertyPath: m_Name
      value: Mat_Rect_Green (1)
      objectReference: {fileID: 0}
    - target: {fileID: 7766833644459571472, guid: 65e1b17be55fde04f921004e190ce003, type: 3}
      propertyPath: m_RootOrder
      value: 15
      objectReference: {fileID: 0}
    - target: {fileID: 7766833644459571472, guid: 65e1b17be55fde04f921004e190ce003, type: 3}
      propertyPath: m_LocalPosition.x
      value: 2.662
      objectReference: {fileID: 0}
    - target: {fileID: 7766833644459571472, guid: 65e1b17be55fde04f921004e190ce003, type: 3}
      propertyPath: m_LocalPosition.y
      value: -1.8841013
      objectReference: {fileID: 0}
    - target: {fileID: 7766833644459571472, guid: 65e1b17be55fde04f921004e190ce003, type: 3}
      propertyPath: m_LocalPosition.z
      value: 1.609
      objectReference: {fileID: 0}
    - target: {fileID: 7766833644459571472, guid: 65e1b17be55fde04f921004e190ce003, type: 3}
      propertyPath: m_LocalRotation.w
      value: 0.26623702
      objectReference: {fileID: 0}
    - target: {fileID: 7766833644459571472, guid: 65e1b17be55fde04f921004e190ce003, type: 3}
      propertyPath: m_LocalRotation.x
      value: -0
      objectReference: {fileID: 0}
    - target: {fileID: 7766833644459571472, guid: 65e1b17be55fde04f921004e190ce003, type: 3}
      propertyPath: m_LocalRotation.y
      value: -0.9639076
      objectReference: {fileID: 0}
    - target: {fileID: 7766833644459571472, guid: 65e1b17be55fde04f921004e190ce003, type: 3}
      propertyPath: m_LocalRotation.z
      value: -0
      objectReference: {fileID: 0}
    - target: {fileID: 7766833644459571472, guid: 65e1b17be55fde04f921004e190ce003, type: 3}
      propertyPath: m_LocalEulerAnglesHint.x
      value: 0
      objectReference: {fileID: 0}
    - target: {fileID: 7766833644459571472, guid: 65e1b17be55fde04f921004e190ce003, type: 3}
      propertyPath: m_LocalEulerAnglesHint.y
      value: -149.119
      objectReference: {fileID: 0}
    - target: {fileID: 7766833644459571472, guid: 65e1b17be55fde04f921004e190ce003, type: 3}
      propertyPath: m_LocalEulerAnglesHint.z
      value: 0
      objectReference: {fileID: 0}
    m_RemovedComponents: []
  m_SourcePrefab: {fileID: 100100000, guid: 65e1b17be55fde04f921004e190ce003, type: 3}
--- !u!1 &1725358572497753936 stripped
GameObject:
  m_CorrespondingSourceObject: {fileID: 6954268796586615722, guid: 65e1b17be55fde04f921004e190ce003, type: 3}
  m_PrefabInstance: {fileID: 8607279228926801146}
  m_PrefabAsset: {fileID: 0}
--- !u!114 &122662993
MonoBehaviour:
  m_ObjectHideFlags: 0
  m_CorrespondingSourceObject: {fileID: 0}
  m_PrefabInstance: {fileID: 0}
  m_PrefabAsset: {fileID: 0}
  m_GameObject: {fileID: 1725358572497753936}
  m_Enabled: 1
  m_EditorHideFlags: 0
  m_Script: {fileID: 11500000, guid: 7e2f4617667341945b5a7756e14b62d0, type: 3}
  m_Name: 
  m_EditorClassIdentifier: 
  m_InteractionManager: {fileID: 0}
  m_Colliders: []
  m_InteractionLayerMask:
    serializedVersion: 2
    m_Bits: 4294967295
  m_InteractionLayers:
    m_Bits: 1
  m_DistanceCalculationMode: 1
  m_SelectMode: 1
  m_CustomReticle: {fileID: 0}
  m_FirstHoverEntered:
    m_PersistentCalls:
      m_Calls: []
  m_LastHoverExited:
    m_PersistentCalls:
      m_Calls: []
  m_HoverEntered:
    m_PersistentCalls:
      m_Calls: []
  m_HoverExited:
    m_PersistentCalls:
      m_Calls: []
  m_FirstSelectEntered:
    m_PersistentCalls:
      m_Calls: []
  m_LastSelectExited:
    m_PersistentCalls:
      m_Calls: []
  m_SelectEntered:
    m_PersistentCalls:
      m_Calls: []
  m_SelectExited:
    m_PersistentCalls:
      m_Calls: []
  m_Activated:
    m_PersistentCalls:
      m_Calls: []
  m_Deactivated:
    m_PersistentCalls:
      m_Calls: []
  m_OnFirstHoverEntered:
    m_PersistentCalls:
      m_Calls: []
  m_OnLastHoverExited:
    m_PersistentCalls:
      m_Calls: []
  m_OnHoverEntered:
    m_PersistentCalls:
      m_Calls: []
  m_OnHoverExited:
    m_PersistentCalls:
      m_Calls: []
  m_OnSelectEntered:
    m_PersistentCalls:
      m_Calls: []
  m_OnSelectExited:
    m_PersistentCalls:
      m_Calls: []
  m_OnSelectCanceled:
    m_PersistentCalls:
      m_Calls: []
  m_OnActivate:
    m_PersistentCalls:
      m_Calls: []
  m_OnDeactivate:
    m_PersistentCalls:
      m_Calls: []
  m_TeleportationProvider: {fileID: 0}
  m_MatchOrientation: 2
  m_TeleportTrigger: 0
  m_Teleporting:
    m_PersistentCalls:
      m_Calls: []
  m_TeleportAnchorTransform: {fileID: 2070077850850364906}
--- !u!4 &2070077850850364906 stripped
Transform:
  m_CorrespondingSourceObject: {fileID: 7766833644459571472, guid: 65e1b17be55fde04f921004e190ce003, type: 3}
  m_PrefabInstance: {fileID: 8607279228926801146}
  m_PrefabAsset: {fileID: 0}
